7444 4870
319 289 5886 898 Wir Annen, die vorgenanten herczogen Rudolf von den obgenanten dem vorgenanten unserm vorgenanten brief ist geben ist zu der auf¬
809 712 5885 819 der horen lesen, daz wir mit wolbedachtem mute, mit rate unser frunde und mit rechter wizzen dem allerdurchluchtigsten fursten und herren, hern Karl, romischem kunige, ze allen zeiten merer dez reichs und
805 786 5881 899 kunige ze Beheim, unserm lieben genedigen herren seinen erben und nachkomen kungen ze Beheim, und der cronen dez selben kunigrichs erbelichen und eweclichen umb tzwelf tusent mark lotiges silbers, domit¬
817 884 5927 978 er den hochgeborn fursten hern Ruprechten den Jungern, unsers unverb sun, seinem gevengnuzze von Sachsen gelediget und geloset hat, die nachgeschrieben vesten Nuwenstat, Stornstein, Hirsow und Lichtenstein und
805 975 5935 1067 darnach umb tzwentzig tusent marck lotiges silbers, die er uff seliger gedechtnuzze den hochgeborn fursten hern Rudolfen etwenn pfalentzgrafen bei Rein und hertzogen in Beiern, unsern lieben bruder, uns wi¬
827 1060 5925 1145 mentlich gewendit und mit gelihen hait, die nachgeschrieben vesten, stete, und merkte Sulczbach, Rosemberg, Hertenstein, Nidstein, Turrendorf, Hiltpoltstein, Hoenstein, Lichtenecke, Frankenberg, Lauffen, Eschem¬
821 1146 5910 1229 Ich Hersbrucke, Awrbach, Velden, Begnicz und daz Plech und aneb daz unser bruder der egenante ze Beiern innegehabt und besezzen hat, mit allen dorfen, leuten, herschefften, guten, gerichten, ben¬
828 1230 5884 1309 ien, zollen, geleiten, vorsten, wiltpennen, gulten, zinsen, nu. dewen, welden, puschen, geiageden, vogilweiden, wiesen, weiden, wazzern, mulen, wazzerleuften, teichen, vischerien, bergen, grunden, slicht¬
827 1316 5873 1393 ten, gemirken, kreizzen, weichpilden und allen nutzen ob und under der erden, wie man die genennen mag, und auch mit rittern, knechten, mannen, manschefften, lehen, lehenschefften, verlehenten
827 1408 5871 1487 guten, kirchlehen und gotsgaben, dienern, eigenen leuten, pfantschefften von dem reiche oder sust von ymanden andirs, und allen zugehorungen, erbe und eigen, als iz gelegen ist, pfantschafft fur¬
827 1486 5929 1581 pfantschafft, recht und redelich verkauft haben in alle der maze, als sei der obgenant unser bruder seliger ingehabt und besezzen hat, und als sie von seinem tode uff uns erbeclichen verfallen waren, und
821 1581 5888 1665 dertzihen uns fur uns, unser erben und nachkomen eweclichen allez rechten, ansprache und anredunge, die wir zu den obgenanten vesten, steten, merkten und allen zugehorungen, als sei dovor begriffen
825 1663 5890 1742 sint, gehabt haben, haben oder gehaben muchten in dheine weiz und vertzeihen uns auch aller hilfe geistlichs und werentlichs rechten und aller gesetze keiserlicher und babstucher Buche, der lande ge¬
833 1760 5883 1828 wonheit und aller ubunge und behaltnuzze, domit dieser kauff muchte in dheine weis gehindert werden, und memen, daz wir unser erben und nachkomen uns domit nymer in dheinen zeiten mit
825 1846 5869 1909 dem rechten oder mit der tat, mit worten oder werken behelfen sullen oder wullen. Auch geloben wir mit guten truwen angeverd fur uns, unser erben und nachkomen dem obgenanten unserm
821 1921 5905 2000 herren dem kunige, seinen erben und nachkomen kunigen ze Behem, daz wir yn und der cronen desselben kunigrichs alle die obgenanten vesten, stete, merkte und zugehorungen, als sei dovor¬
820 2008 5886 2090 begriffen sint, versprechen und entwerren sullen und wullen fur unsern vettern, keiser Ludoweigis seligen kinderen, hertzogen Ruprecht dem Jungern, des obgenanten unsers bruder sune und fur¬
827 2089 5884 2182 allermenlich und fur alle ansprache eines iglichen, wie der genennet sei, als in den landen recht und gewenlich ist und zu merer sicherheit haben wir gebeten die erwirdigen fursten und
822 2183 5895 2276 herren, hern Gerlach ertzbisschoff ze Mentze, hern Albrecht zu Wirtzburg, hern Gerharden zu Speire, die bisschofe, und die hochgebornen fursten hern Rudolfen hertzogen in Osterrich, hern Albrech¬
830 2273 5868 2367 ten, pfallentzgrafen bei Rein und hertzogen in Beiern, unsern vettern, und die edeln herren Johansen von Katzenelemogen, Ludowigen und Friederichen von Otingen, die graven, und hern
824 2367 5892 2449 Luczen von Hoenloch, daz sei zu ewigem gedechtnuzze und zu getzugnicz, dez obgenanten kaufes ire ingesiegele geruchen bei daz unser an diesen brieff ze henken, und wir Gerlach von Gots gnaden
831 2453 5895 2535 ertzbisschoff ze Mentze dez heiligen reichs ertzcanceler in dutschen landen, Albrecht von Wurzeburg, Gerhart von Speire, die bisschove, und wir Rudolf hertzoge in Osterrich, zu Steyr und zu
811 2535 5900 2621 Kernden, Albrecht pfallentzgrave bei Rein und herczog in Beiern von denselben Gots gnaden ch Johans von Katzeneleniebogen, Ludowig und Friederich von Otingen, grafen, und Lutze von Honloch¬
815 2637 5896 2715 bekennen offenlich, daz wir durch sunderliche bete dez obgenanten hochgeborn fursten hern Ruprechts dez Eltern pfallentzgraven bei Rein, dez heiligen reichs obrister truchtsezzen und hertzoge¬
809 2728 5920 2814 in Beiern, unser ingesiegele zu geczeugnuzze und zu ewiger gedechtnuzze dez obgenanten kaufes an diesen brieff haben wizzentlich gehenket Mit urkunt dicz brives, versiegelt mit unser aller in¬
803 2819 5645 2897 gesiegeln, der gebin ist zu Hagenow nach Crists geburt drutzenhundert jar dar nach in dem drew und funftzigstem jar an dem nehsten dinstage vor aller heiligen tag.
