3000 2096
425 492 1996 615 IX von Gots
572 617 2004 650 und steten, dez heiligen reichs und ouch dez kungrichs zu Beheim, gesendet haben und mich dornne dewlaget habe, wi daz der allerdurchluchtigiste furste und
571 643 2024 686 herre, her Karl romischer keiser, zu allen zeiten merer dez reichs und kunig zu Beheim, meyn gnediger herre, mich und durch mynen willen, meyne bruder
575 686 1998 724 in alle schult verderben wolde, und uns zu dem lantrechte zu Beheim, fur seine herren nicht wulden komen lazzen, wie wol wir yme recht zu tune alwege¬
579 720 1981 761 geboten hetten als in den selben brieven, di ich der egenanten Jost, darumb gesendet habe under meynem ingesiegel offenliche, begriffen ist, doch, sint deme¬
579 757 1993 799 male daz mit sulcher dage ny noit gescheen ist, wann der egenanten meyn gnediger herre, mich und meyne bruder allewege bei rechte gelazzen hait, und nostri¬
575 793 1987 833 und yn frevel oder unrecht ny ertzeiget hait in dheinen zeiten, so bekennen ich offenlichen, daz ich in solichen brieven, di ich dar umb gesant hatten, den
573 827 1975 869 egimyne herre, unrechte getan haben, wann mir und meynen brudern, dez me in dheinen stunden mit gescheen ist, und ich darinne nicht anders gemeyn¬
577 859 1993 906 net habe, nur alleyne, daz ich und meyne bruder, mit hilfe fursten, herren und stete, zu dez egenanten unsers herren des keisers gnaden und hulden komen¬
577 895 2017 940 mochten, dez gelob ich in guten trewen an geverde dem obgenanten meynem gnedigem herren dem keiser und kunige zu Beheim, daz ich vor allen fursten, gra¬
568 930 2013 979 sen, herren, steten und vor allermeyngliche, do hin ich sulche brieve gesendet habe, di selben brieve, mit meyn selbes gegenwertikeit, und mit lebendigei¬
567 967 2005 1013 stymme und ouch mit meynen offenen brieven, wy der egenanten meyn gnediger herre, mir daz geburdet wyderruffen, und wydersprechen sal, und wil und dez allewege¬
575 1005 1995 1048 bekennen, daz der egenanten myn herre der keiser und kunig zu Beheim, mich und meyne brudere, bei rechte allewege gelazzen hait, und uns dheinerley frevel¬
583 1038 1993 1081 oder unrecht, ny ertzeiget hait, in dheinen stunden, daruber wer daz sache, daz die kurfursten dez heiligen reichs dez beduchte, daz dem egenanten meynem herren
578 1075 1981 1116 und seynen keiserlichen und kuniglichen wirden und ouch der hochwirdigkeit seynes wesens, nicht günig gescheen were, sunder, daz ich darzu mer tui¬
581 1109 1989 1149 der reden sulte, so gelobe ich in guten trewen und an alle geverde dem egenanten meynem herren, und allen den obgenantenaten, dez reichs roburfursten, geistlichen
581 1147 1999 1183 und werntlichen, daz ich denne gehorsam sein wil und alles, daz tun und reden, daz sie mit in den dingen, und zu den dingen, gebieten und mich heizzen dez ha¬
579 1183 2009 1218 ben ich gebeten, die erwirdigen vetter, und herren in Gote, hern Arnest, ertzbisschoven zu Prage hern margharden zu Nuspurg, hern Johansen zu dem Lutnuschi¬
571 1218 2005 1252 die bisschove, und die hochgeborn fursten und herren hern Bolken zu valkemberg, hern Johansen zu Trow hern Strsymissel zu Tesschin und hern Cunraden zu
573 1255 2015 1289 der Olsen, di Hirtzognanten und hern Friderichen herczogen von tecke und den edeln herren hern Sbinken von Hasenburg, daz si yre ingesiegele zu merer sicher¬
577 1294 2007 1329 heit und zu getzugnuzze legenanten an dysen brieff und wir alle die vorgenantenant sein, bekennen und tun kunt offenlichen mit disem brieve, daz wir durch sun,
570 1330 1988 1366 derliche bede dez egenanten herren, hern Jostes von resemberg, unsere ingesiegele zu getzugnüzze an dysen brieff gehenget haben, der geben ist zu der Politi,
573 1365 1986 1400 nach Cristus geburte drutzen hundirt jar und darnach in dem sechs und funftzigestem jare, dez nehesten dunnerstages nach sente Peters und
567 1403 1029 1440 sente jaulus tage, der heiligen czwylfboten.
