6585 4628
1271 1314 4135 1450 noverit unversis presentes litteris inspecturi, quod nos Fridericus, Hermannus et Fridericus fratres, der
1335 1472 4164 1569 Gonburch, bona et spontanea voluntate nostra omnibus iuribus et accionibus, que nobis et officio¬
1331 1590 4164 1714 suppe, Cadanensis et pertinenciis eius ex quacumque causa competunt ad presens vel possent competere
1328 1707 4164 1856 futurum et litteris seu privilegiis quibuscumque super hiis a romanorum iibus Boemie regibus,
1316 1822 4174 1990 aut aliis quibuslibet personis sub quacumque forma vel concepcione verborum traditis seu concessis
1346 1951 4188 2125 renunciamus expresse et de hadmodi iuribus et accionibus, serenissimo domino nostro, domino Johanni Boemie
1351 2061 4152 2275 et Polonie regis libere cedimus ac idem officium cum suis pertinenciis universis, benivole¬
1352 2186 4166 2419 resignarius, volentes, omnio, ut littere et privilegii, hubmodi sint cassa inita et viribus
1352 2311 4202 2553 natura et villaus decetera, con in iudicio pro extra robur obtinecimus firmitatibus proceptis literis
1378 2452 4270 2678 datum domini nostri za regis Boemie, quas de nouo super bonis ad dictam suppa, ytinentibus sub sulli¬
1384 2568 4262 2796 dicta harum litterarum recepimus ab eodem. In cuius rei testimonium sigillum mei Fridericus senioris
1411 2688 4242 2921 k me et foribus meis suptinentiis, qui proprii non habent sigilla presentibus est appensum. Datum Prage¬
1382 2851 3494 3036 Wii litteras octobris anno Domini millesimo trecentio, duodecimo.
