3434 2054
300 106 2866 466 . In cuius rei¬
621 467 2828 534 ac Lusacie marchio et cetera, notumfacimus tenore presencium universis, quod nos omne ius, quodd¬
625 532 2827 607 competit ut marchioni Moravie sup dotalicio in villa, Ostrowanky, post mortem Katherne de¬
597 598 2808 675 Ostrowanky. Item in villa et curia Czrhow post mortem Petri dicti Pohraba, que singula¬
617 666 2812 749 ad nos existant, devoluta auctoritate regia Bohemie et marchionali Moravie dedimus et con¬
617 735 2835 818 cessimus, damus et concedimus cum suis pertinenciis nobili Henrico de Lippa, marescalco, regni¬
593 805 2795 884 Bohemie, fideli nostro dilecto, mandamus igitur capitaneo camerariis ceterisque officialibus, ¬
612 878 2780 955 czude Olomucensis marchionatus nostri Moraule fidelibus nostris dilectis czts, prefato Henrico¬
617 953 2805 1021 dictorum bonorum possessione tradant ac ipsa bona tabulsis predicte czude clemilcen annotare¬
625 1025 2801 1090 pro eosdem Heneficio et eius heredibus non omittant sluhuis tii, iuribus alienis presencium
637 1098 2841 1163 sieb appensione nostri regalis sigilli testimonio litterarum. Datum Prage die tercia maii anno
617 1173 2547 1239 Domini millesimoquadringegicesimo sexagesimoquarto, regni nostri anno sexto.
2452 1489 2741 1543 swym Nb¬
