3000 3492
447 574 1928 641 nede est, quod fratris Plazenses, miserias suas cora me deposuerit, Na¬
452 663 1932 727 Sebant eni teloneum salus in decimus, appatus meo ipsis donatum cum
452 748 1892 824 usus sine qui proiculo animaorum suam ad monasterius deferre ob¬
449 844 1947 915 congitudine iuie et regsidias latnum nequerit et suorum dolori com¬
441 947 1939 1019 nassimus in Peticioni annuens, villa mea nostre copidis, eis perpetuo iure¬
437 1045 1943 1123 possidecia reddidi. secotum predictum teloneum quam ad ipsos protimit ius meo¬
438 1142 1927 1225 accepi. Ut autem hec conmitatio nostra rata et inconvulsa et posterum prema¬
440 1237 1951 1325 neatur. Hoc provilequi sigillo meo confirmaus et testes idoneos huic confir¬
440 1336 1947 1429 nationi ad hibus, quorum nominea et hec, Bleg, Bogusse, Groznata came¬
432 1434 1937 1521 ari. Ian iudex, Martine pincerna, Tetar dapifer, Jaros Ludexik¬
468 1535 1889 1618 wyerner, Jessittibor, syaluta, Jdata, Wittiovicus, Drizec, Britni¬
442 1641 1921 1728 Nahtolt. Napota, Seba, Linra, cum fratre suo s ribizlay, Labian letrius¬
432 1734 1917 1812 fratre suo, Obidemus. Lutognew, Hermanus filius Wilhelmi, Preta Ano¬
440 1798 1944 1898 Henrico Pragensis episo iuro venerabili et per regno moraviensis epo nostrum
440 1882 1900 1984 oder honesto iuvinarius, ut statuti nostri iua latores anathematis iusculo¬
438 1966 1930 2075 denuncient innodatos. Acta sunt autem hec et conseccione basilice quam ob¬
440 2050 1879 2156 memoria victorie mee, socia thori mei elizas het conscriperit,
