7156 6494
1154 656 4309 746 exhibite, funt, quod quia nos ob specialis amoris afftum, quem erga magnifici principis domini Johannis
1128 745 4297 861 Boemie et Polonie regis ac comitis Lucemburgensis, dominum et affinis nostri karissimi, gerimus celsitudinem
1139 858 4427 957 statum nostrum inantea pacificum princeps suus ac regnorum suorum, Boemie et Polonie fore decreium
1133 956 4397 1080 erram nostram et mazoviensis et dominum plozensis, cum castris nostris Ploczk, Wyssegrado et Göstynam civi¬
1137 1073 4355 1202 tibus queque oppidis, villis et prediis locanus, per nos aut locandis nobilibus baronibus militibus
1161 1199 4380 1303 vasallis et hominibus ad ipsas aut ipsa spectantibus cum pertinenciis suis ac aliis bonis nostris universis
1156 1314 4414 1429 quas et que nunc possidemus vel in postum quocumque possidebimus tytulo nostro heredum ac successorum
1137 1430 4411 1538 nostrorum ducum mazomensis et dominorum plotzensis nomine in regis ipsius sponte et libere manibus resigna¬
1145 1545 4383 1656 res ab ipso in feudum recepimus et facto sibi per nos debite fidelitatis homagio, prestito per nos¬
1149 1673 4379 1777 bus von Pakli nichilominus iuramento, ipsi regi, heredibus et successores suis tamquam veris dominis nostris velut
1194 1786 4453 1897 znas et fidelis suis et regnorum suorum, Boemie et Polonie prefarorum promisimus pre et intendere ac servie
1183 1909 4471 2015 fideliter pro viribus de eisdem et contt quemlibi principem et hominem efficacit ad tundem Harum quas sigillo¬
1155 2026 4403 2135 nostro maiori gracium fecimus testimo litterarum. Danorum in Plotzk anno Domini millesimo trecentes¬
1175 2140 3354 2234 vicesimo nono, quod nares feria post dominicam Oculi mei semper
