8094 5600
1771 745 5543 1054 Wir in lidech von Gots gnaden lantennen furstinnen, mangen, als unsir gnaden unserllen, und wir Romischen
1874 956 5529 1124 graf zcu Orlamund und herre des landes zcu Plifern, und wir sudrich und Balthar sme gunnen vonehen und
1866 1054 5515 1217 bekennen offenlichen an disem gegenwertigen brive, daz wir dem allerdurchluchtigisten unserm lieben gnedigen herren, hern Karl¬
1840 1139 5430 1310 Romischen kunge, Scu allen zeiten merer des richs und kung ab Beheim, innewendig einem naro, daz uf die¬
1847 1226 5576 1416 wiheimachten, die weg sin, an guoten ist, und unser swager und oheim, Ludungen, Stephan, und ire bruder, herczoge¬
1890 1321 5522 1509 in Beygen, nicht holfen noch dienen sullen. A wann er uns ab nach den futu kumenden willenachten, als daz selben
1908 1412 5512 1598 ar vrist uf die selben herren umb hulfe, und dinst mant, oder manen lezen, so sullen wir im vel die selben
1891 1504 5542 1691 unser burger und erheimus, dienen und beholfen sin, als verr ander sine seinder mit gezug dicz brives, con der geben
1847 1603 5539 1790 ist zcu Dresden nach Cristi geburt drizcen hundert jar, dannach in ann Nin und firzcigisten jare, an summag¬
1876 1802 2651 1891 vor dem Obersten tag.
