<?xml version="1.0" encoding="UTF-8" standalone="yes"?>
<PcGts xmlns="http://schema.primaresearch.org/PAGE/gts/pagecontent/2013-07-15" xmlns:xsi="http://www.w3.org/2001/XMLSchema-instance" xsi:schemaLocation="http://schema.primaresearch.org/PAGE/gts/pagecontent/2013-07-15 http://schema.primaresearch.org/PAGE/gts/pagecontent/2013-07-15/pagecontent.xsd">
    <Metadata>
        <Creator>prov=University of Rostock/Institute of Mathematics/CITlab/Tobias Gruening/tobias.gruening@uni-rostock.de:name=/net_tf/LA73_249_0mod360.pb:de.uros.citlab.segmentation.CITlab_LA_ML:v=2.4.1
TRP</Creator>
        <Created>2019-08-13T11:51:23.934+02:00</Created>
        <LastChange>2020-02-27T15:01:51.254+00:00</LastChange>
        <TranskribusMetadata docId="195456" pageId="7694704" pageNr="1" tsid="21157764" status="IN_PROGRESS" userId="38723" imgUrl="https://files.transkribus.eu/Get?id=LGMYGDZGGVATVXJZZPGQYGBD&amp;fileType=view" xmlUrl="https://files.transkribus.eu/Get?id=EDXVGEAHTCQZSHTSPTMTDIYV" imageId="4671851"/>
    </Metadata>
    <Page imageFilename="NA-ACK_13671204_00999_r.jpg" imageWidth="3000" imageHeight="2411">
        <ReadingOrder>
            <OrderedGroup id="ro_1579618269227" caption="Regions reading order">
                <RegionRefIndexed index="0" regionRef="r1"/>
                <RegionRefIndexed index="1" regionRef="r2"/>
                <RegionRefIndexed index="2" regionRef="region_1573646995279_155"/>
            </OrderedGroup>
        </ReadingOrder>
        <TextRegion orientation="0.0" id="r1" custom="readingOrder {index:0;}">
            <Coords points="859,489 849,1306 2120,1302 2128,489"/>
            <TextLine id="r1l3" custom="readingOrder {index:0;} person {offset:4; length:80;} place {offset:38; length:6;} place {offset:59; length:11;} place {offset:78; length:6;}">
                <Coords points="870,616 954,616 1010,614 1066,613 1122,612 1177,611 1233,611 1289,610 1345,610 1400,609 1456,609 1512,609 1568,609 1623,609 1679,610 1735,610 1791,610 1846,611 1902,611 1958,612 2014,612 2014,582 1958,582 1902,581 1846,547 1792,547 1735,580 1679,580 1627,562 1568,579 1512,579 1456,579 1400,579 1347,569 1289,580 1234,558 1177,581 1122,582 1066,583 1022,568 969,501 868,501"/>
                <Baseline points="899,607 954,606 1010,604 1066,603 1122,602 1177,601 1233,601 1289,600 1345,600 1400,599 1456,599 1512,599 1568,599 1623,599 1679,600 1735,600 1791,600 1846,601 1902,601 1958,602 2014,602"/>
                <TextEquiv>
                    <Unicode>Wir Benesch von Gots gnaden kunge zu Beheim, marggraff zu Brandenburg und zulich bekennen und</Unicode>
                </TextEquiv>
            </TextLine>
            <TextLine id="r1l4" custom="readingOrder {index:1;}">
                <Coords points="897,647 953,646 1009,645 1065,644 1121,643 1177,643 1233,642 1289,642 1345,642 1401,642 1457,642 1513,643 1569,643 1625,643 1681,643 1737,644 1793,644 1849,644 1905,644 1961,644 2018,643 2018,613 1961,614 1905,614 1849,614 1793,614 1737,614 1681,613 1625,613 1569,613 1513,613 1457,612 1401,612 1345,612 1289,612 1233,612 1177,613 1121,613 1065,614 1009,615 953,616 897,617"/>
                <Baseline points="897,637 953,636 1009,635 1065,634 1121,633 1177,633 1233,632 1289,632 1345,632 1401,632 1457,632 1513,633 1569,633 1625,633 1681,633 1737,634 1793,634 1849,634 1905,634 1961,634 2018,633"/>
                <TextEquiv>
                    <Unicode>tun kunt offenlich mit diesem brieff allen den, die in sehen oder horen lesen, daz fur uns kumen ist, der edel¬</Unicode>
                </TextEquiv>
            </TextLine>
            <TextLine id="r1l5" custom="readingOrder {index:2;} person {offset:0; length:45; continued:true;} place {offset:13; length:9;} place {offset:34; length:11;}">
                <Coords points="897,681 956,680 1016,678 1076,677 1136,676 1196,676 1256,675 1316,675 1376,675 1436,676 1496,676 1556,676 1616,677 1676,677 1736,677 1796,678 1856,678 1916,678 1976,678 2036,678 2036,648 1976,648 1916,648 1856,648 1796,648 1736,647 1676,647 1616,647 1556,646 1496,646 1436,646 1376,645 1316,645 1256,645 1196,646 1136,646 1076,647 1016,648 956,650 897,651"/>
                <Baseline points="897,671 956,670 1016,668 1076,667 1136,666 1196,666 1256,665 1316,665 1376,665 1436,666 1496,666 1556,666 1616,667 1676,667 1736,667 1796,668 1856,668 1916,668 1976,668 2036,668"/>
                <TextEquiv>
                    <Unicode>bernhart von Schomburg herre zum hazzenstein, unser lieber getrewer und hat uns fleizziclichen gebeten¬</Unicode>
                </TextEquiv>
            </TextLine>
            <TextLine id="r1l6" custom="readingOrder {index:3;} place {offset:29; length:6;} place {offset:46; length:11;}">
                <Coords points="895,714 952,713 1010,712 1067,711 1125,711 1182,710 1240,710 1297,710 1355,710 1412,710 1470,710 1527,711 1585,711 1642,711 1700,712 1757,713 1815,713 1872,714 1930,715 1987,715 2045,716 2045,686 1987,685 1930,685 1872,684 1815,683 1757,683 1700,682 1642,681 1585,681 1527,681 1470,680 1412,680 1355,680 1297,680 1240,680 1182,680 1125,681 1067,681 1010,682 952,683 895,684"/>
                <Baseline points="895,704 952,703 1010,702 1067,701 1125,701 1182,700 1240,700 1297,700 1355,700 1412,700 1470,700 1527,701 1585,701 1642,701 1700,702 1757,703 1815,703 1872,704 1930,705 1987,705 2045,706"/>
                <TextEquiv>
                    <Unicode>daz wir ym als ein kunig zu Beheim, daz huse hazzenstein mit den nachgeschriben guten mit namen, die¬</Unicode>
                </TextEquiv>
            </TextLine>
            <TextLine id="r1l7" custom="readingOrder {index:4;} place {offset:5; length:8;} place {offset:60; length:10;} place {offset:77; length:11;}">
                <Coords points="895,748 952,748 1010,747 1067,746 1125,746 1183,746 1240,745 1298,745 1355,745 1413,745 1471,745 1528,745 1586,746 1643,746 1701,746 1759,747 1816,747 1874,748 1931,749 1989,750 2047,751 2047,721 1989,720 1931,719 1874,718 1816,717 1759,717 1701,716 1643,716 1586,716 1528,715 1471,715 1413,715 1355,715 1298,715 1240,715 1183,716 1125,716 1067,716 1010,717 952,718 895,718"/>
                <Baseline points="895,738 952,738 1010,737 1067,736 1125,736 1183,736 1240,735 1298,735 1355,735 1413,735 1471,735 1528,735 1586,736 1643,736 1701,736 1759,737 1816,737 1874,738 1931,739 1989,740 2047,741"/>
                <TextEquiv>
                    <Unicode>stat Bresnicz, halb mit dem czollen, do selbist und mit welden, Spinnebach, halb reuzendorff haw und die dor¬</Unicode>
                </TextEquiv>
            </TextLine>
            <TextLine id="r1l8" custom="readingOrder {index:5;} place {offset:4; length:9;} place {offset:15; length:8;} place {offset:25; length:10;} place {offset:37; length:10;} place {offset:49; length:10;} place {offset:61; length:7;} place {offset:70; length:6;} place {offset:91; length:12;}">
                <Coords points="899,787 955,786 1012,786 1069,785 1126,784 1183,784 1240,783 1296,783 1353,783 1410,783 1467,783 1524,783 1581,784 1638,784 1694,784 1751,785 1808,785 1865,786 1922,786 1979,787 2036,787 2036,757 1979,757 1922,756 1865,756 1808,755 1751,755 1694,754 1638,754 1581,754 1524,753 1467,753 1410,753 1353,753 1296,753 1240,753 1183,754 1126,754 1069,755 1012,756 955,756 899,757"/>
                <Baseline points="899,777 955,776 1012,776 1069,775 1126,774 1183,774 1240,773 1296,773 1353,773 1410,773 1467,773 1524,773 1581,774 1638,774 1694,774 1751,775 1808,775 1865,776 1922,776 1979,777 2036,777"/>
                <TextEquiv>
                    <Unicode>er zobenticz, geiswicz, Hohentanne planstorff, haimstorff kurbicz, kralobt und daz lehen Hennikinstorff, mit</Unicode>
                </TextEquiv>
            </TextLine>
            <TextLine id="r1l9" custom="readingOrder {index:6;}">
                <Coords points="908,825 964,825 1021,824 1078,824 1135,824 1191,823 1248,822 1305,822 1362,822 1418,821 1475,821 1532,820 1589,820 1645,820 1702,820 1759,821 1816,821 1872,822 1929,823 1986,824 2043,826 2043,796 1986,794 1929,793 1872,792 1816,791 1759,791 1702,790 1645,790 1589,790 1532,790 1475,791 1418,791 1362,792 1305,792 1248,792 1191,793 1135,794 1078,794 1021,794 964,795 908,795"/>
                <Baseline points="908,815 964,815 1021,814 1078,814 1135,814 1191,813 1248,812 1305,812 1362,812 1418,811 1475,811 1532,810 1589,810 1645,810 1702,810 1759,811 1816,811 1872,812 1929,813 1986,814 2043,816"/>
                <TextEquiv>
                    <Unicode>welden, Holczern, wiesen, weiden, wiltpennen, wazzern, wazzerlauffen, vischerei neckern, czinsen, gulten, nucz¬</Unicode>
                </TextEquiv>
            </TextLine>
            <TextLine id="r1l10" custom="readingOrder {index:7;}">
                <Coords points="905,861 966,861 1027,860 1088,860 1149,860 1210,859 1271,859 1332,859 1393,859 1454,858 1515,858 1576,858 1637,858 1698,858 1759,859 1820,859 1881,859 1942,860 2003,860 2064,861 2064,831 2003,830 1942,830 1881,829 1820,829 1759,829 1698,828 1637,828 1576,828 1515,828 1454,828 1393,829 1332,829 1271,829 1210,829 1149,830 1088,830 1027,830 966,831 905,831"/>
                <Baseline points="905,851 966,851 1027,850 1088,850 1149,850 1210,849 1271,849 1332,849 1393,849 1454,848 1515,848 1576,848 1637,848 1698,848 1759,849 1820,849 1881,849 1942,850 2003,850 2064,851"/>
                <TextEquiv>
                    <Unicode>und allen zugehorungen, wie man die benennen mag, mit sunderlichen worten, besucht und umbesucht¬</Unicode>
                </TextEquiv>
            </TextLine>
            <TextLine id="r1l11" custom="readingOrder {index:8;} place {offset:49; length:6;} place {offset:57; length:4;} place {offset:66; length:5;}">
                <Coords points="900,899 957,898 1014,897 1071,897 1128,896 1185,896 1242,896 1299,896 1356,895 1413,895 1471,896 1528,896 1585,896 1642,896 1699,896 1756,896 1813,896 1870,896 1927,896 1984,895 2042,895 2042,865 1984,865 1927,866 1870,866 1813,866 1756,866 1699,866 1642,866 1585,866 1528,866 1471,866 1413,865 1356,865 1299,866 1242,866 1185,866 1128,866 1071,867 1014,867 957,868 900,869"/>
                <Baseline points="900,889 957,888 1014,887 1071,887 1128,886 1185,886 1242,886 1299,886 1356,885 1413,885 1471,886 1528,886 1585,886 1642,886 1699,886 1756,886 1813,886 1870,886 1927,886 1984,885 2042,885"/>
                <TextEquiv>
                    <Unicode>nichtes uzgenumen, und besunder auch die dorfern, wiemar, lobe, und mericz mit allen iren zugehorungen¬</Unicode>
                </TextEquiv>
            </TextLine>
            <TextLine id="r1l12" custom="readingOrder {index:9;} place {offset:39; length:11;} place {offset:75; length:8;}">
                <Coords points="902,935 958,934 1014,933 1071,933 1127,933 1184,932 1240,932 1296,932 1353,932 1409,932 1466,932 1522,932 1578,933 1635,933 1691,933 1748,933 1804,933 1860,933 1917,933 1973,933 2030,933 2030,903 1973,903 1917,903 1860,903 1804,903 1748,903 1691,903 1635,903 1578,903 1522,902 1466,902 1409,902 1353,902 1296,902 1240,902 1184,902 1127,903 1071,903 1014,903 958,904 902,905"/>
                <Baseline points="902,925 958,924 1014,923 1071,923 1127,923 1184,922 1240,922 1296,922 1353,922 1409,922 1466,922 1522,922 1578,923 1635,923 1691,923 1748,923 1804,923 1860,923 1917,923 1973,923 2030,923"/>
                <TextEquiv>
                    <Unicode>alleine uzgenomen, des closters gut zu Waltsachsen, daz daz closter hat zu Mereticz und gleicherweis, als sie der</Unicode>
                </TextEquiv>
            </TextLine>
            <TextLine id="r1l13" custom="readingOrder {index:10;} person {offset:5; length:16;} place {offset:14; length:7;}">
                <Coords points="899,969 955,969 1011,969 1067,969 1124,969 1180,969 1236,969 1293,969 1349,969 1405,969 1462,969 1518,969 1574,969 1630,969 1687,969 1743,969 1799,969 1856,968 1912,968 1968,967 2025,967 2025,937 1968,937 1912,938 1856,938 1799,939 1743,939 1687,939 1630,939 1574,939 1518,939 1462,939 1405,939 1349,939 1293,939 1236,939 1180,939 1124,939 1067,939 1011,939 955,939 899,939"/>
                <Baseline points="899,959 955,959 1011,959 1067,959 1124,959 1180,959 1236,959 1293,959 1349,959 1405,959 1462,959 1518,959 1574,959 1630,959 1687,959 1743,959 1799,959 1856,958 1912,958 1968,957 2025,957"/>
                <TextEquiv>
                    <Unicode>edel thelm von Koldicz, unser lieber getrewer vor besezzen und gehabt hat, und wir sie nu von im kouffet</Unicode>
                </TextEquiv>
            </TextLine>
            <TextLine id="r1l14" custom="readingOrder {index:11;} place {offset:35; length:6;}">
                <Coords points="905,1006 961,1005 1018,1005 1074,1005 1131,1005 1188,1005 1244,1005 1301,1004 1357,1004 1414,1004 1471,1003 1527,1003 1584,1003 1640,1002 1697,1002 1754,1001 1810,1001 1867,1001 1923,1000 1980,1000 2037,999 2037,969 1980,970 1923,970 1867,971 1810,971 1754,971 1697,972 1640,972 1584,973 1527,973 1471,973 1414,974 1357,974 1301,974 1244,975 1188,975 1131,975 1074,975 1018,975 961,975 905,976"/>
                <Baseline points="905,996 961,995 1018,995 1074,995 1131,995 1188,995 1244,995 1301,994 1357,994 1414,994 1471,993 1527,993 1584,993 1640,992 1697,992 1754,991 1810,991 1867,991 1923,990 1980,990 2037,989"/>
                <TextEquiv>
                    <Unicode>haben, geruchten als ein kunig zu Beheim, im gnediclichen zu verleihen, des haben wir angesehen des</Unicode>
                </TextEquiv>
            </TextLine>
            <TextLine id="r1l15" custom="readingOrder {index:12;} person {offset:10; length:9;}">
                <Coords points="909,1041 965,1041 1022,1040 1079,1040 1135,1040 1192,1039 1249,1039 1305,1038 1362,1038 1419,1037 1476,1037 1532,1037 1589,1036 1646,1035 1702,1035 1759,1034 1816,1034 1872,1033 1929,1032 1986,1031 2043,1031 2043,1001 1986,1001 1929,1002 1872,1003 1816,1004 1759,1004 1702,1005 1646,1005 1589,1006 1532,1007 1476,1007 1419,1007 1362,1008 1305,1008 1249,1009 1192,1009 1135,1010 1079,1010 1022,1010 965,1011 909,1011"/>
                <Baseline points="909,1031 965,1031 1022,1030 1079,1030 1135,1030 1192,1029 1249,1029 1305,1028 1362,1028 1419,1027 1476,1027 1532,1027 1589,1026 1646,1025 1702,1025 1759,1024 1816,1024 1872,1023 1929,1022 1986,1021 2043,1021"/>
                <TextEquiv>
                    <Unicode>genanten bernharts redliche bete und haben mit wolbedachtem mute, mit rechter wizzen und mit rate unser</Unicode>
                </TextEquiv>
            </TextLine>
            <TextLine id="r1l16" custom="readingOrder {index:13;} place {offset:37; length:6;} person {offset:58; length:8;}">
                <Coords points="900,1077 955,1075 1011,1073 1067,1072 1122,1071 1178,1071 1234,1070 1289,1070 1345,1070 1401,1070 1457,1070 1512,1070 1568,1070 1624,1070 1679,1069 1735,1069 1791,1069 1846,1068 1902,1068 1958,1067 2014,1066 2014,1036 1958,1037 1902,1038 1846,1038 1791,1039 1735,1039 1679,1039 1624,1040 1568,1040 1512,1040 1457,1040 1401,1040 1345,1040 1289,1040 1234,1040 1178,1041 1122,1041 1067,1042 1011,1043 955,1045 900,1047"/>
                <Baseline points="900,1067 955,1065 1011,1063 1067,1062 1122,1061 1178,1061 1234,1060 1289,1060 1345,1060 1401,1060 1457,1060 1512,1060 1568,1060 1624,1060 1679,1059 1735,1059 1791,1059 1846,1058 1902,1058 1958,1057 2014,1056"/>
                <TextEquiv>
                    <Unicode>getrewen, und von kunglicher macht zu Beheim, dem egenanten bernhart und sinen erben, die vorgenanten vesten¬</Unicode>
                </TextEquiv>
            </TextLine>
            <TextLine id="r1l17" custom="readingOrder {index:14;}">
                <Coords points="898,1109 956,1108 1014,1107 1072,1106 1130,1105 1188,1105 1246,1104 1304,1104 1362,1103 1420,1103 1478,1103 1536,1103 1594,1102 1652,1102 1710,1102 1768,1102 1826,1102 1884,1101 1942,1101 2000,1100 2058,1100 2058,1070 2000,1070 1942,1071 1884,1071 1826,1072 1768,1072 1710,1072 1652,1072 1594,1072 1536,1073 1478,1073 1420,1073 1362,1073 1304,1074 1246,1074 1188,1075 1130,1075 1072,1076 1014,1077 956,1078 898,1079"/>
                <Baseline points="898,1099 956,1098 1014,1097 1072,1096 1130,1095 1188,1095 1246,1094 1304,1094 1362,1093 1420,1093 1478,1093 1536,1093 1594,1092 1652,1092 1710,1092 1768,1092 1826,1092 1884,1091 1942,1091 2000,1090 2058,1090"/>
                <TextEquiv>
                    <Unicode>dorffer, und guter, in aller mazze, als sie vor beschriben sint gnediclichen zu einem rechten erplichen man¬</Unicode>
                </TextEquiv>
            </TextLine>
            <TextLine id="r1l18" custom="readingOrder {index:15;} person {offset:86; length:8;}">
                <Coords points="901,1142 958,1141 1015,1140 1072,1140 1130,1139 1187,1138 1244,1138 1301,1137 1359,1137 1416,1136 1473,1136 1530,1135 1588,1135 1645,1135 1702,1134 1759,1134 1817,1134 1874,1134 1931,1134 1988,1134 2046,1134 2046,1104 1988,1104 1931,1104 1874,1104 1817,1104 1759,1104 1702,1104 1645,1105 1588,1105 1530,1105 1473,1106 1416,1106 1359,1107 1301,1107 1244,1108 1187,1108 1130,1109 1072,1110 1015,1110 958,1111 901,1112"/>
                <Baseline points="901,1132 958,1131 1015,1130 1072,1130 1130,1129 1187,1128 1244,1128 1301,1127 1359,1127 1416,1126 1473,1126 1530,1125 1588,1125 1645,1125 1702,1124 1759,1124 1817,1124 1874,1124 1931,1124 1988,1124 2046,1124"/>
                <TextEquiv>
                    <Unicode>lehen verlehen, und verleihen auch mit craft dicz briefs, und des hat der egenanten bernhart uns, als einem</Unicode>
                </TextEquiv>
            </TextLine>
            <TextLine id="r1l19" custom="readingOrder {index:16;} place {offset:9; length:6;} place {offset:55; length:6;}">
                <Coords points="909,1176 965,1174 1021,1174 1077,1173 1133,1172 1190,1171 1246,1171 1302,1170 1358,1170 1414,1170 1471,1170 1527,1170 1583,1169 1639,1169 1695,1169 1752,1169 1808,1169 1864,1168 1920,1168 1976,1168 2033,1167 2033,1137 1976,1138 1920,1138 1864,1138 1808,1139 1752,1139 1695,1139 1639,1139 1583,1139 1527,1140 1471,1140 1414,1140 1358,1140 1302,1140 1246,1141 1190,1141 1133,1142 1077,1143 1021,1144 965,1144 909,1146"/>
                <Baseline points="909,1166 965,1164 1021,1164 1077,1163 1133,1162 1190,1161 1246,1161 1302,1160 1358,1160 1414,1160 1471,1160 1527,1160 1583,1159 1639,1159 1695,1159 1752,1159 1808,1159 1864,1158 1920,1158 1976,1158 2033,1157"/>
                <TextEquiv>
                    <Unicode>kunig zu Beheim, unsern erben und nachkomen kungen zu Beheim, und der cronen desselben kunigrichs</Unicode>
                </TextEquiv>
            </TextLine>
            <TextLine id="r1l20" custom="readingOrder {index:17;}">
                <Coords points="909,1209 964,1207 1020,1206 1075,1205 1131,1204 1187,1204 1242,1203 1298,1203 1354,1202 1409,1202 1465,1202 1521,1202 1576,1202 1632,1203 1688,1203 1743,1203 1799,1203 1855,1203 1910,1202 1966,1202 2022,1202 2022,1172 1966,1172 1910,1172 1855,1173 1799,1173 1743,1173 1688,1173 1632,1173 1576,1172 1521,1172 1465,1172 1409,1172 1354,1172 1298,1173 1242,1173 1187,1174 1131,1174 1075,1175 1020,1176 964,1177 909,1179"/>
                <Baseline points="909,1199 964,1197 1020,1196 1075,1195 1131,1194 1187,1194 1242,1193 1298,1193 1354,1192 1409,1192 1465,1192 1521,1192 1576,1192 1632,1193 1688,1193 1743,1193 1799,1193 1855,1193 1910,1192 1966,1192 2022,1192"/>
                <TextEquiv>
                    <Unicode>als seinem rechten, ordenlichen, naturlichen und erb herren gesworen gehuldet und gelobet unsern</Unicode>
                </TextEquiv>
            </TextLine>
            <TextLine id="r1l21" custom="readingOrder {index:18;}">
                <Coords points="899,1241 968,1239 1024,1239 1080,1238 1136,1238 1192,1238 1248,1237 1304,1237 1360,1237 1416,1237 1472,1236 1527,1236 1583,1236 1639,1236 1695,1235 1751,1235 1807,1235 1863,1235 1919,1234 1975,1234 2031,1233 2031,1203 1975,1204 1919,1204 1863,1205 1807,1205 1751,1205 1695,1205 1639,1206 1583,1206 1527,1206 1472,1206 1416,1207 1360,1207 1304,1207 1248,1207 1192,1208 1136,1208 1080,1208 1024,1209 968,1209 901,1210"/>
                <Baseline points="913,1230 968,1229 1024,1229 1080,1228 1136,1228 1192,1228 1248,1227 1304,1227 1360,1227 1416,1227 1472,1226 1527,1226 1583,1226 1639,1226 1695,1225 1751,1225 1807,1225 1863,1225 1919,1224 1975,1224 2031,1223"/>
                <TextEquiv>
                    <Unicode>frumen getrewlichen zu werben und unsern schaden, wenden ongeverde. Mit urkunt dicz briefs, versigelt mit</Unicode>
                </TextEquiv>
            </TextLine>
            <TextLine id="r1l22" custom="readingOrder {index:19;} place {offset:44; length:4;} date {offset:50; length:54; continued:true;}">
                <Coords points="907,1272 964,1273 1021,1273 1079,1273 1136,1273 1194,1273 1251,1273 1309,1273 1366,1272 1424,1272 1481,1272 1538,1271 1596,1270 1653,1270 1711,1269 1768,1269 1826,1268 1883,1268 1941,1268 1998,1267 2056,1267 2056,1237 1998,1237 1941,1238 1883,1238 1826,1238 1768,1239 1711,1239 1653,1240 1596,1240 1538,1241 1481,1242 1424,1242 1366,1242 1309,1243 1251,1243 1194,1243 1136,1243 1079,1243 1021,1243 964,1243 907,1242"/>
                <Baseline points="907,1262 964,1263 1021,1263 1079,1263 1136,1263 1194,1263 1251,1263 1309,1263 1366,1262 1424,1262 1481,1262 1538,1261 1596,1260 1653,1260 1711,1259 1768,1259 1826,1258 1883,1258 1941,1258 1998,1257 2056,1257"/>
                <TextEquiv>
                    <Unicode>unserm kuniglichen insigel, der geben ist zu Prag nach Crists geburt dreuczenhundert jar, darnach in dem</Unicode>
                </TextEquiv>
            </TextLine>
            <TextLine id="r1l23" custom="readingOrder {index:20;} date {offset:0; length:74; continued:true;}">
                <Coords points="904,1313 945,1312 987,1310 1028,1310 1070,1309 1112,1308 1153,1307 1195,1307 1237,1306 1278,1306 1320,1305 1362,1305 1403,1304 1445,1303 1487,1303 1528,1302 1570,1301 1612,1300 1653,1299 1695,1297 1737,1295 1737,1265 1695,1267 1653,1269 1612,1270 1570,1271 1528,1272 1487,1273 1445,1273 1403,1274 1362,1275 1320,1275 1278,1276 1237,1276 1195,1277 1153,1277 1112,1278 1070,1279 1028,1280 987,1280 945,1282 904,1283"/>
                <Baseline points="904,1303 945,1302 987,1300 1028,1300 1070,1299 1112,1298 1153,1297 1195,1297 1237,1296 1278,1296 1320,1295 1362,1295 1403,1294 1445,1293 1487,1293 1528,1292 1570,1291 1612,1290 1653,1289 1695,1287 1737,1285"/>
                <TextEquiv>
                    <Unicode>iben und sechczigisten jar an sand Barbaren tag, der heiligen junchfrawes¬</Unicode>
                </TextEquiv>
            </TextLine>
            <TextEquiv>
                <Unicode>Wir Benesch von Gots gnaden kunge zu Beheim, marggraff zu Brandenburg und zulich bekennen und
tun kunt offenlich mit diesem brieff allen den, die in sehen oder horen lesen, daz fur uns kumen ist, der edel¬
bernhart von Schomburg herre zum hazzenstein, unser lieber getrewer und hat uns fleizziclichen gebeten¬
daz wir ym als ein kunig zu Beheim, daz huse hazzenstein mit den nachgeschriben guten mit namen, die¬
stat Bresnicz, halb mit dem czollen, do selbist und mit welden, Spinnebach, halb reuzendorff haw und die dor¬
er zobenticz, geiswicz, Hohentanne planstorff, haimstorff kurbicz, kralobt und daz lehen Hennikinstorff, mit
welden, Holczern, wiesen, weiden, wiltpennen, wazzern, wazzerlauffen, vischerei neckern, czinsen, gulten, nucz¬
und allen zugehorungen, wie man die benennen mag, mit sunderlichen worten, besucht und umbesucht¬
nichtes uzgenumen, und besunder auch die dorfern, wiemar, lobe, und mericz mit allen iren zugehorungen¬
alleine uzgenomen, des closters gut zu Waltsachsen, daz daz closter hat zu Mereticz und gleicherweis, als sie der
edel thelm von Koldicz, unser lieber getrewer vor besezzen und gehabt hat, und wir sie nu von im kouffet
haben, geruchten als ein kunig zu Beheim, im gnediclichen zu verleihen, des haben wir angesehen des
genanten bernharts redliche bete und haben mit wolbedachtem mute, mit rechter wizzen und mit rate unser
getrewen, und von kunglicher macht zu Beheim, dem egenanten bernhart und sinen erben, die vorgenanten vesten¬
dorffer, und guter, in aller mazze, als sie vor beschriben sint gnediclichen zu einem rechten erplichen man¬
lehen verlehen, und verleihen auch mit craft dicz briefs, und des hat der egenanten bernhart uns, als einem
kunig zu Beheim, unsern erben und nachkomen kungen zu Beheim, und der cronen desselben kunigrichs
als seinem rechten, ordenlichen, naturlichen und erb herren gesworen gehuldet und gelobet unsern
frumen getrewlichen zu werben und unsern schaden, wenden ongeverde. Mit urkunt dicz briefs, versigelt mit
unserm kuniglichen insigel, der geben ist zu Prag nach Crists geburt dreuczenhundert jar, darnach in dem
iben und sechczigisten jar an sand Barbaren tag, der heiligen junchfrawes¬</Unicode>
            </TextEquiv>
        </TextRegion>
        <TextRegion orientation="0.0" id="r2" custom="readingOrder {index:1;}">
            <Coords points="2281,200 2281,354 2313,354 2313,200"/>
            <TextEquiv>
                <Unicode/>
            </TextEquiv>
        </TextRegion>
        <TextRegion id="region_1573646995279_155" custom="readingOrder {index:2;}">
            <Coords points="1621,1313 2202,1313 2202,1482 1621,1482"/>
            <TextLine id="line_1573647000257_158" custom="readingOrder {index:0;} person {offset:12; length:37;} place {offset:34; length:15;}">
                <Coords points="1628,1326 1730,1316 1868,1313 1990,1306 2111,1304 2112,1354 1992,1356 1870,1363 1733,1366 1632,1376"/>
                <Baseline points="1632,1371 1733,1361 1870,1358 1992,1351 2112,1349"/>
                <TextEquiv>
                    <Unicode>prediburschaiden burgravennen magdeburgenanten</Unicode>
                </TextEquiv>
            </TextLine>
            <TextLine id="line_1573647004431_163" custom="readingOrder {index:1;} place {offset:34; length:6;}">
                <Coords points="1629,1363 1746,1362 1884,1359 1981,1361 2056,1360 2130,1356 2132,1406 2058,1410 1981,1411 1884,1409 1746,1412 1629,1413"/>
                <Baseline points="1653,1407 1746,1407 1884,1404 1981,1406 2058,1405 2132,1401"/>
                <TextEquiv>
                    <Unicode>wischegrafen perpetuum regem Boemie, supnium cancelle¬</Unicode>
                </TextEquiv>
            </TextLine>
            <TextLine id="line_1573647007700_168" custom="readingOrder {index:2;}">
                <Coords points="1740,1421 1862,1424 1927,1420 1994,1418 1995,1468 1929,1470 1863,1474 1739,1471"/>
                <Baseline points="1763,1467 1863,1469 1929,1465 1995,1463"/>
                <TextEquiv>
                    <Unicode>Johannes eysteten¬</Unicode>
                </TextEquiv>
            </TextLine>
            <TextEquiv>
                <Unicode>prediburschaiden burgravennen magdeburgenanten
wischegrafen perpetuum regem Boemie, supnium cancelle¬
Johannes eysteten¬</Unicode>
            </TextEquiv>
        </TextRegion>
    </Page>
</PcGts>
