<?xml version="1.0" encoding="UTF-8" standalone="yes"?>
<PcGts xmlns="http://schema.primaresearch.org/PAGE/gts/pagecontent/2013-07-15" xmlns:xsi="http://www.w3.org/2001/XMLSchema-instance" xsi:schemaLocation="http://schema.primaresearch.org/PAGE/gts/pagecontent/2013-07-15 http://schema.primaresearch.org/PAGE/gts/pagecontent/2013-07-15/pagecontent.xsd">
    <Metadata>
        <Creator>prov=University of Rostock/Institute of Mathematics/CITlab/Tobias Gruening/tobias.gruening@uni-rostock.de:name=/net_tf/LA73_249_0mod360.pb:de.uros.citlab.segmentation.CITlab_LA_ML:v=2.4.2
TRP</Creator>
        <Created>2019-08-29T09:55:23.132+02:00</Created>
        <LastChange>2020-02-27T15:01:57.714+00:00</LastChange>
        <TranskribusMetadata docId="202201" pageId="8448951" pageNr="1" tsid="20840741" status="IN_PROGRESS" userId="48350" imgUrl="https://files.transkribus.eu/Get?id=TXUBUHCJIMQVLFLJIWKQFWAA&amp;fileType=view" xmlUrl="https://files.transkribus.eu/Get?id=WGIRAJOGJWGIEXVEWVSYNHGV" imageId="5351088"/>
    </Metadata>
    <Page imageFilename="NA-ACK_13290503_00137_r.jpg" imageWidth="12664" imageHeight="9436">
        <ReadingOrder>
            <OrderedGroup id="ro_1579617734700" caption="Regions reading order">
                <RegionRefIndexed index="0" regionRef="r1"/>
            </OrderedGroup>
        </ReadingOrder>
        <TextRegion orientation="0.0" id="r1" custom="readingOrder {index:0;}">
            <Coords points="2338,1305 2338,3304 10289,3304 10289,1305"/>
            <TextLine id="r1l1" custom="readingOrder {index:0;} person {offset:27; length:68;} place {offset:52; length:6;} place {offset:71; length:12;} place {offset:90; length:5;}">
                <Coords points="2370,1384 2786,1381 3203,1379 3620,1376 4037,1375 4453,1374 4870,1374 5287,1374 5704,1375 6121,1377 6537,1379 6954,1382 7371,1386 7788,1390 8205,1395 8621,1401 9038,1407 9455,1414 9872,1422 10289,1431 10289,1362 9872,1353 9455,1345 9038,1338 8621,1332 8205,1326 7788,1321 7371,1317 6954,1313 6537,1310 6121,1308 5704,1306 5287,1305 4870,1305 4453,1305 4037,1306 3620,1307 3203,1310 2786,1312 2370,1315"/>
                <Baseline points="2370,1361 2786,1358 3203,1356 3620,1353 4037,1352 4453,1351 4870,1351 5287,1351 5704,1352 6121,1354 6537,1356 6954,1359 7371,1363 7788,1367 8205,1372 8621,1378 9038,1384 9455,1391 9872,1399 10289,1408"/>
                <TextEquiv>
                    <Unicode>nomine domini Amen. Nos Heinricus, Dei gratia dux Slez, dominus de Furstinberge, et in Jaw, omnibus imperpetuum tam presentibus quam futuris volumus fore notum, quod nos deliberacione matura et consilio¬</Unicode>
                </TextEquiv>
            </TextLine>
            <TextLine id="r1l2" custom="readingOrder {index:1;} place {offset:143; length:7;}">
                <Coords points="2350,1481 2741,1477 3133,1473 3525,1469 3917,1467 4308,1465 4700,1464 5092,1464 5484,1464 5875,1465 6267,1467 6659,1470 7051,1473 7442,1477 7834,1482 8226,1488 8618,1494 9009,1502 9401,1510 9793,1519 10185,1528 10185,1459 9793,1450 9401,1441 9009,1433 8618,1425 8226,1419 7834,1413 7442,1408 7051,1404 6659,1401 6267,1398 5875,1396 5484,1395 5092,1395 4700,1395 4308,1396 3917,1398 3525,1400 3133,1404 2741,1408 2350,1412"/>
                <Baseline points="2350,1458 2741,1454 3133,1450 3525,1446 3917,1444 4308,1442 4700,1441 5092,1441 5484,1441 5875,1442 6267,1444 6659,1447 7051,1450 7442,1454 7834,1459 8226,1465 8618,1471 9009,1479 9401,1487 9793,1496 10185,1505"/>
                <TextEquiv>
                    <Unicode>diligenti nobiscum amicis quoque ac fidelibus nostris prehabitis eorumque favore et consensu expressis accedentibus civitatem nostram et terram Gorlicz, quam ab imperatoribus aut romanorum regibus nos et predecessores nostri¬</Unicode>
                </TextEquiv>
            </TextLine>
            <TextLine id="r1l3" custom="readingOrder {index:2;} place {offset:131; length:6;} place {offset:180; length:5;} place {offset:201; length:8;}">
                <Coords points="2338,1587 2730,1580 3123,1574 3515,1569 3908,1566 4301,1563 4693,1563 5086,1563 5478,1564 5871,1566 6264,1569 6656,1573 7049,1577 7441,1582 7834,1588 8227,1593 8619,1599 9012,1605 9404,1612 9797,1618 10190,1625 10190,1553 9797,1546 9404,1540 9012,1533 8619,1527 8227,1521 7834,1516 7441,1510 7049,1505 6656,1501 6264,1497 5871,1494 5478,1492 5086,1491 4693,1491 4301,1491 3908,1494 3515,1497 3123,1502 2730,1508 2338,1515"/>
                <Baseline points="2338,1563 2730,1556 3123,1550 3515,1545 3908,1542 4301,1539 4693,1539 5086,1539 5478,1540 5871,1542 6264,1545 6656,1549 7049,1553 7441,1558 7834,1564 8227,1569 8619,1575 9012,1581 9404,1588 9797,1594 10190,1601"/>
                <TextEquiv>
                    <Unicode>recipere consuevimus cum omnibus suis, iuribus et pertinenciis quocumque vocentur nomine aut in quibuscumque consistant, exceptis Lubano civitate et territorio eiusdem civitatis lesna, opido foensi czaychow et</Unicode>
                </TextEquiv>
            </TextLine>
            <TextLine id="r1l4" custom="readingOrder {index:3;} place {offset:0; length:5;} place {offset:59; length:6;} place {offset:76; length:6;} place {offset:86; length:6;} place {offset:209; length:3; continued:true;}">
                <Coords points="2358,1707 2750,1695 3142,1685 3534,1678 3926,1672 4319,1669 4711,1667 5103,1667 5495,1669 5887,1672 6280,1676 6672,1680 7064,1686 7456,1692 7848,1698 8241,1705 8633,1711 9025,1719 9417,1725 9809,1730 10202,1735 10202,1659 9809,1654 9417,1649 9025,1643 8633,1635 8241,1629 7848,1622 7456,1616 7064,1610 6672,1604 6280,1600 5887,1596 5495,1593 5103,1591 4711,1591 4319,1593 3926,1596 3534,1602 3142,1609 2750,1619 2358,1631"/>
                <Baseline points="2358,1682 2750,1670 3142,1660 3534,1653 3926,1647 4319,1644 4711,1642 5103,1642 5495,1644 5887,1647 6280,1651 6672,1655 7064,1661 7456,1667 7848,1673 8241,1680 8633,1686 9025,1694 9417,1700 9809,1705 10202,1710"/>
                <TextEquiv>
                    <Unicode>weta castris, cum suis appendiis nominatimus, exceptis etiam Sarowe civitate trybul et prybuz castris et oppidis, cum omnibus suis, iuribus, dominiis et pertinenciis omnibusque feudis et feodalibus, que in terra lu¬</Unicode>
                </TextEquiv>
            </TextLine>
            <TextLine id="r1l5" custom="readingOrder {index:4;} place {offset:0; length:5; continued:true;} person {offset:80; length:54;} place {offset:88; length:6;} place {offset:98; length:7;} place {offset:114; length:13;}">
                <Coords points="2348,1818 2742,1805 3136,1795 3530,1787 3924,1780 4318,1776 4712,1774 5106,1773 5500,1774 5894,1775 6288,1779 6682,1783 7076,1788 7470,1794 7864,1801 8258,1807 8652,1814 9046,1821 9440,1829 9834,1835 10228,1841 10228,1765 9834,1759 9440,1753 9046,1745 8652,1738 8258,1731 7864,1725 7470,1718 7076,1712 6682,1707 6288,1703 5894,1699 5500,1698 5106,1697 4712,1698 4318,1700 3924,1704 3530,1711 3136,1719 2742,1729 2348,1742"/>
                <Baseline points="2348,1793 2742,1780 3136,1770 3530,1762 3924,1755 4318,1751 4712,1749 5106,1748 5500,1749 5894,1750 6288,1754 6682,1758 7076,1763 7470,1769 7864,1776 8258,1782 8652,1789 9046,1796 9440,1804 9834,1810 10228,1816"/>
                <TextEquiv>
                    <Unicode>acie, herre dominose nostri expressis et non expressis principi magnifico domino Johanni, Boemie et Polonie regi ac Lucemburgensis comiti sororio nostro krimo, vendidimus et in alia bona vite nostre dumtaxat possidenda, ipsi¬</Unicode>
                </TextEquiv>
            </TextLine>
            <TextLine id="r1l6" custom="readingOrder {index:5;} place {offset:119; length:6;}">
                <Coords points="2377,1929 2763,1917 3149,1907 3535,1900 3921,1893 4307,1889 4693,1886 5079,1884 5465,1884 5851,1885 6237,1887 6623,1890 7009,1894 7395,1898 7781,1902 8167,1907 8553,1912 8939,1917 9325,1922 9711,1927 10097,1931 10097,1855 9711,1851 9325,1846 8939,1841 8553,1836 8167,1831 7781,1826 7395,1822 7009,1818 6623,1814 6237,1811 5851,1809 5465,1808 5079,1808 4693,1810 4307,1813 3921,1817 3535,1824 3149,1831 2763,1841 2377,1853"/>
                <Baseline points="2377,1904 2763,1892 3149,1882 3535,1875 3921,1868 4307,1864 4693,1861 5079,1859 5465,1859 5851,1860 6237,1862 6623,1865 7009,1869 7395,1873 7781,1877 8167,1882 8553,1887 8939,1892 9325,1897 9711,1902 10097,1906"/>
                <TextEquiv>
                    <Unicode>us, nobisque de medio sublatis relictis per nos heredibus vel non expensis et racione quibusibus remotis ad regnum Boemie libere reversura, eciam si castrum aliquod in bonis eisdem nostris instauraverimus, laboribus et expensis</Unicode>
                </TextEquiv>
            </TextLine>
            <TextLine id="r1l7" custom="readingOrder {index:6;} place {offset:0; length:9;} place {offset:23; length:6;}">
                <Coords points="2371,2036 2764,2022 3157,2011 3550,2002 3944,1995 4337,1990 4730,1987 5124,1985 5517,1985 5910,1986 6304,1989 6697,1992 7090,1996 7483,2001 7877,2006 8270,2012 8663,2017 9057,2023 9450,2028 9843,2033 10237,2037 10237,1961 9843,1957 9450,1952 9057,1947 8663,1941 8270,1936 7877,1930 7483,1925 7090,1920 6697,1916 6304,1913 5910,1910 5517,1909 5124,1909 4730,1911 4337,1914 3944,1919 3550,1926 3157,1935 2764,1946 2371,1960"/>
                <Baseline points="2371,2011 2764,1997 3157,1986 3550,1977 3944,1970 4337,1965 4730,1962 5124,1960 5517,1960 5910,1961 6304,1964 6697,1967 7090,1971 7483,1976 7877,1981 8270,1987 8663,1992 9057,1998 9450,2003 9843,2008 10237,2012"/>
                <TextEquiv>
                    <Unicode>crautenow uz et civiam cum suis appendiis bonis fidelibus et hominibus salvis omnibus eorum quibus ad nos pervenerint, iuribus intantum etiam, quod nec collatam nec steuram gratialem que berna vulgariter dicitur,</Unicode>
                </TextEquiv>
            </TextLine>
            <TextLine id="r1l8" custom="readingOrder {index:7;} place {offset:74; length:6;} place {offset:124; length:6;} place {offset:216; length:6;}">
                <Coords points="2365,2160 2754,2142 3143,2127 3533,2115 3922,2106 4312,2099 4701,2094 5090,2091 5480,2090 5869,2090 6259,2092 6648,2095 7037,2098 7427,2102 7816,2107 8206,2113 8595,2118 8984,2122 9374,2127 9763,2130 10153,2133 10153,2057 9763,2054 9374,2051 8984,2046 8595,2042 8206,2037 7816,2031 7427,2026 7037,2022 6648,2019 6259,2016 5869,2014 5480,2014 5090,2015 4701,2018 4312,2023 3922,2030 3533,2039 3143,2051 2754,2066 2365,2084"/>
                <Baseline points="2365,2135 2754,2117 3143,2102 3533,2090 3922,2081 4312,2074 4701,2069 5090,2066 5480,2065 5869,2065 6259,2067 6648,2070 7037,2073 7427,2077 7816,2082 8206,2088 8595,2093 8984,2097 9374,2102 9763,2105 10153,2108"/>
                <TextEquiv>
                    <Unicode>de eisdem insig per regem ipsum aut suos officiales imposita fuerit, regno Boemie et cunc taxacionem illa, quam colligitur in Boemiam recipere debeamus, secum commutavimus, ipsas sibi, heredibus ac successoribus suis, Boemie regibus,</Unicode>
                </TextEquiv>
            </TextLine>
            <TextLine id="r1l9" custom="readingOrder {index:8;}">
                <Coords points="2377,2276 2763,2256 3149,2239 3535,2227 3921,2217 4307,2209 4693,2204 5079,2201 5465,2200 5851,2200 6238,2202 6624,2205 7010,2209 7396,2213 7782,2217 8168,2221 8554,2225 8940,2228 9326,2231 9712,2232 10099,2232 10099,2157 9712,2157 9326,2156 8940,2153 8554,2150 8168,2146 7782,2142 7396,2138 7010,2134 6624,2130 6238,2127 5851,2125 5465,2125 5079,2126 4693,2129 4307,2134 3921,2142 3535,2152 3149,2164 2763,2181 2377,2201"/>
                <Baseline points="2377,2251 2763,2231 3149,2214 3535,2202 3921,2192 4307,2184 4693,2179 5079,2176 5465,2175 5851,2175 6238,2177 6624,2180 7010,2184 7396,2188 7782,2192 8168,2196 8554,2200 8940,2203 9326,2206 9712,2207 10099,2207"/>
                <TextEquiv>
                    <Unicode>ure hereditario presentibus testibus subnotatis nostro, heredum ac successorum nostrorum nomine sponte et libere resignantes, habendas regendas utifruendas per ipsum heredes et successores suos prefatos ac eciam possidendas renunciantes in hiis et</Unicode>
                </TextEquiv>
            </TextLine>
            <TextLine id="r1l10" custom="readingOrder {index:9;}">
                <Coords points="2353,2386 2741,2362 3129,2342 3517,2327 3905,2316 4293,2308 4681,2303 5069,2301 5457,2301 5845,2303 6234,2306 6622,2311 7010,2316 7398,2322 7786,2327 8174,2331 8562,2335 8950,2337 9338,2338 9726,2336 10115,2331 10115,2256 9726,2261 9338,2263 8950,2262 8562,2260 8174,2256 7786,2252 7398,2247 7010,2241 6622,2236 6234,2231 5845,2228 5457,2226 5069,2226 4681,2228 4293,2233 3905,2241 3517,2252 3129,2267 2741,2287 2353,2311"/>
                <Baseline points="2353,2361 2741,2337 3129,2317 3517,2302 3905,2291 4293,2283 4681,2278 5069,2276 5457,2276 5845,2278 6234,2281 6622,2286 7010,2291 7398,2297 7786,2302 8174,2306 8562,2310 8950,2312 9338,2313 9726,2311 10115,2306"/>
                <TextEquiv>
                    <Unicode>pro nostro, heredum ac successorum nostrorum nole predictorum excepcioni, doli mali, infacium accioni, brificio restitucionis integrum, omni iuris auxilio tam canonici quam civilis, Lris quoque a papa, imperatoribus aut romanorum regibus</Unicode>
                </TextEquiv>
            </TextLine>
            <TextLine id="r1l11" custom="readingOrder {index:10;}">
                <Coords points="2351,2503 2742,2473 3134,2450 3526,2432 3917,2419 4309,2409 4701,2404 5092,2402 5484,2403 5876,2405 6268,2410 6659,2416 7051,2423 7443,2429 7834,2436 8226,2442 8618,2446 9009,2448 9401,2448 9793,2445 10185,2439 10185,2363 9793,2369 9401,2372 9009,2372 8618,2370 8226,2366 7834,2360 7443,2353 7051,2347 6659,2340 6268,2334 5876,2329 5484,2327 5092,2326 4701,2328 4309,2333 3917,2343 3526,2356 3134,2374 2742,2397 2351,2427"/>
                <Baseline points="2351,2478 2742,2448 3134,2425 3526,2407 3917,2394 4309,2384 4701,2379 5092,2377 5484,2378 5876,2380 6268,2385 6659,2391 7051,2398 7443,2404 7834,2411 8226,2417 8618,2421 9009,2423 9401,2423 9793,2420 10185,2414"/>
                <TextEquiv>
                    <Unicode>impetratis vel eciam impetadis ac alti quovis annunculo, quod vel per successionem hereditariam aut in feudacionem impenalem vel alium quemcumque modie, nobis, heredibus vel successoribus nostris andictis competere</Unicode>
                </TextEquiv>
            </TextLine>
            <TextLine id="r1l12" custom="readingOrder {index:11;}">
                <Coords points="2365,2625 2757,2592 3149,2566 3541,2546 3933,2531 4326,2521 4718,2516 5110,2514 5502,2515 5894,2518 6287,2524 6679,2531 7071,2538 7463,2546 7855,2553 8248,2559 8640,2563 9032,2565 9424,2565 9816,2561 10209,2553 10209,2477 9816,2485 9424,2489 9032,2489 8640,2487 8248,2483 7855,2477 7463,2470 7071,2462 6679,2455 6287,2448 5894,2442 5502,2439 5110,2438 4718,2440 4326,2445 3933,2455 3541,2470 3149,2490 2757,2516 2365,2549"/>
                <Baseline points="2365,2600 2757,2567 3149,2541 3541,2521 3933,2506 4326,2496 4718,2491 5110,2489 5502,2490 5894,2493 6287,2499 6679,2506 7071,2513 7463,2521 7855,2528 8248,2534 8640,2538 9032,2540 9424,2540 9816,2536 10209,2528"/>
                <TextEquiv>
                    <Unicode>et conpetere forasse posset pro quod nobis suffragium ferri, regi vero, heredibus aut successoribus suis, sepedictis dispendium vel impedimentum posset aliquo gnarii, promittentes omnia et singula superscripta firmiter observare¬</Unicode>
                </TextEquiv>
            </TextLine>
            <TextLine id="r1l13" custom="readingOrder {index:12;}">
                <Coords points="2361,2741 2754,2707 3147,2678 3540,2657 3933,2641 4326,2630 4719,2624 5112,2621 5505,2622 5898,2625 6292,2630 6685,2637 7078,2645 7471,2653 7864,2660 8257,2667 8650,2672 9043,2674 9436,2674 9829,2670 10223,2662 10223,2587 9829,2595 9436,2599 9043,2599 8650,2597 8257,2592 7864,2585 7471,2578 7078,2570 6685,2562 6292,2555 5898,2550 5505,2547 5112,2546 4719,2549 4326,2555 3933,2566 3540,2582 3147,2603 2754,2632 2361,2666"/>
                <Baseline points="2361,2716 2754,2682 3147,2653 3540,2632 3933,2616 4326,2605 4719,2599 5112,2596 5505,2597 5898,2600 6292,2605 6685,2612 7078,2620 7471,2628 7864,2635 8257,2642 8650,2647 9043,2649 9436,2649 9829,2645 10223,2637"/>
                <TextEquiv>
                    <Unicode>et contra ea vel eorum alterum in toto vel parte nullo umquam ipse sue casu, dolo fraude vel ingenio aliquo de iure vel de facto per nos ipsos aliis vel alios facere aut venire. In quorum omnium testimonium et cautelam presentes fieri¬</Unicode>
                </TextEquiv>
            </TextLine>
            <TextLine id="r1l14" custom="readingOrder {index:13;} person {offset:90; length:26;} place {offset:107; length:9;} person {offset:149; length:25;} place {offset:167; length:7;} person {offset:176; length:24;} place {offset:185; length:15;} person {offset:202; length:21;} place {offset:212; length:11;} person {offset:225; length:20;} place {offset:231; length:14;} person {offset:247; length:10; continued:true;} place {offset:253; length:4; continued:true;}">
                <Coords points="2412,2852 2801,2818 3190,2791 3579,2769 3968,2752 4357,2741 4746,2734 5135,2730 5524,2729 5913,2732 6302,2735 6691,2741 7080,2748 7469,2755 7858,2761 8247,2767 8636,2771 9025,2773 9414,2773 9803,2770 10193,2763 10193,2688 9803,2695 9414,2698 9025,2698 8636,2696 8247,2692 7858,2686 7469,2680 7080,2673 6691,2666 6302,2660 5913,2657 5524,2654 5135,2655 4746,2659 4357,2666 3968,2677 3579,2694 3190,2716 2801,2743 2412,2777"/>
                <Baseline points="2412,2827 2801,2793 3190,2766 3579,2744 3968,2727 4357,2716 4746,2709 5135,2705 5524,2704 5913,2707 6302,2710 6691,2716 7080,2723 7469,2730 7858,2736 8247,2742 8636,2746 9025,2748 9414,2748 9803,2745 10193,2738"/>
                <TextEquiv>
                    <Unicode>cimus litteras sigilli nostri invenne roboratis testes suntus venerabilis pro dominus Witko, coptis misnensis illustres, principes et domini Rudolfus sciliz Saconie, Hir Wratus Bolezlaus Legnicensis, Polko valkmbergern, Polko op¬</Unicode>
                </TextEquiv>
            </TextLine>
            <TextLine id="r1l15" custom="readingOrder {index:14;} place {offset:0; length:7; continued:true;} person {offset:0; length:7; continued:true;} person {offset:9; length:8;} person {offset:21; length:36;} place {offset:39; length:12;} person {offset:143; length:37;} place {offset:161; length:9;} person {offset:182; length:16;} place {offset:191; length:7;} person {offset:200; length:24;} place {offset:209; length:15;} person {offset:226; length:22;} place {offset:237; length:11;}">
                <Coords points="2417,2956 2804,2924 3191,2898 3578,2877 3965,2861 4352,2850 4739,2843 5126,2838 5513,2837 5900,2838 6288,2841 6675,2846 7062,2852 7449,2858 7836,2864 8223,2870 8610,2874 8997,2877 9384,2879 9771,2878 10159,2874 10159,2798 9771,2802 9384,2803 8997,2801 8610,2798 8223,2794 7836,2788 7449,2782 7062,2776 6675,2770 6288,2765 5900,2762 5513,2761 5126,2762 4739,2767 4352,2774 3965,2785 3578,2801 3191,2822 2804,2848 2417,2880"/>
                <Baseline points="2417,2931 2804,2899 3191,2873 3578,2852 3965,2836 4352,2825 4739,2818 5126,2813 5513,2812 5900,2813 6288,2816 6675,2821 7062,2827 7449,2833 7836,2839 8223,2845 8610,2849 8997,2852 9384,2854 9771,2853 10159,2849"/>
                <TextEquiv>
                    <Unicode>eh, Hir et commadus fratres, Glogoviensis duces per nos regati, sigilla sua presentibus, appendere intestimonium premissorum et nos Witko, Dei gratia misnensis epere Rudolfus Saxonie, Hir Wratum, Boemie regnicensis,</Unicode>
                </TextEquiv>
            </TextLine>
            <TextLine id="r1l16" custom="readingOrder {index:15;} person {offset:0; length:20;} place {offset:6; length:14;} person {offset:22; length:16;} place {offset:28; length:10;} person {offset:40; length:8;} person {offset:52; length:36;} place {offset:70; length:12;} person {offset:221; length:5; continued:true;}">
                <Coords points="2417,3067 2804,3036 3191,3012 3578,2992 3965,2976 4352,2964 4739,2957 5126,2952 5513,2951 5900,2952 6288,2954 6675,2959 7062,2964 7449,2970 7836,2977 8223,2984 8610,2989 8997,2994 9384,2998 9771,3000 10159,2999 10159,2923 9771,2924 9384,2922 8997,2918 8610,2913 8223,2908 7836,2901 7449,2894 7062,2888 6675,2883 6288,2878 5900,2876 5513,2875 5126,2876 4739,2881 4352,2888 3965,2900 3578,2916 3191,2936 2804,2960 2417,2991"/>
                <Baseline points="2417,3042 2804,3011 3191,2987 3578,2967 3965,2951 4352,2939 4739,2932 5126,2927 5513,2926 5900,2927 6288,2929 6675,2934 7062,2939 7449,2945 7836,2952 8223,2959 8610,2964 8997,2969 9384,2973 9771,2975 10159,2974"/>
                <TextEquiv>
                    <Unicode>olko valkenbergensis Polko Opoliensis, Hir et Conradus fratris Glogoviensis duces et testes suprascripti vendicioni, campcioni et commutacionis predictis presencialiter affuerimus et sigilla nostra rogati et iussi per presen¬</Unicode>
                </TextEquiv>
            </TextLine>
            <TextLine id="r1l17" custom="readingOrder {index:16;} person {offset:0; length:91; continued:true;} place {offset:160; length:11;} date {offset:172; length:37; continued:true;year:0; day:0; month:0;}">
                <Coords points="2396,3183 2780,3149 3165,3122 3549,3100 3934,3084 4318,3073 4703,3065 5087,3062 5472,3061 5856,3064 6241,3068 6626,3074 7010,3080 7395,3088 7779,3095 8164,3102 8548,3109 8933,3114 9317,3116 9702,3116 10087,3113 10087,3037 9702,3040 9317,3040 8933,3038 8548,3033 8164,3026 7779,3019 7395,3012 7010,3004 6626,2998 6241,2992 5856,2988 5472,2985 5087,2986 4703,2989 4318,2997 3934,3008 3549,3024 3165,3046 2780,3073 2396,3107"/>
                <Baseline points="2396,3158 2780,3124 3165,3097 3549,3075 3934,3059 4318,3048 4703,3040 5087,3037 5472,3036 5856,3039 6241,3043 6626,3049 7010,3055 7395,3063 7779,3070 8164,3077 8548,3084 8933,3089 9317,3091 9702,3091 10087,3088"/>
                <TextEquiv>
                    <Unicode>penie illustres, dominum Henricus supradictum sordum et consangneum nostrum karium duximus intestimonium et robur firmus, appendenda. Datum et actum Wratitur. In die invencionis scere crucis, anno</Unicode>
                </TextEquiv>
            </TextLine>
            <TextLine id="r1l18" custom="readingOrder {index:17;} date {offset:0; length:43; continued:true;year:0; day:0; month:0;}">
                <Coords points="2410,3304 2498,3297 2587,3290 2675,3283 2764,3276 2852,3268 2941,3261 3029,3254 3118,3247 3206,3241 3295,3235 3384,3229 3472,3224 3561,3219 3649,3215 3738,3211 3826,3208 3915,3205 4003,3204 4092,3203 4181,3203 4181,3127 4092,3127 4003,3128 3915,3129 3826,3132 3738,3135 3649,3139 3561,3143 3472,3148 3384,3153 3295,3159 3206,3165 3118,3171 3029,3178 2941,3185 2852,3192 2764,3200 2675,3207 2587,3214 2498,3221 2410,3228"/>
                <Baseline points="2410,3279 2498,3272 2587,3265 2675,3258 2764,3251 2852,3243 2941,3236 3029,3229 3118,3222 3206,3216 3295,3210 3384,3204 3472,3199 3561,3194 3649,3190 3738,3186 3826,3183 3915,3180 4003,3179 4092,3178 4181,3178"/>
                <TextEquiv>
                    <Unicode>omini millesimo trecentesimo vicesimo nono.</Unicode>
                </TextEquiv>
            </TextLine>
            <TextEquiv>
                <Unicode>nomine domini Amen. Nos Heinricus, Dei gratia dux Slez, dominus de Furstinberge, et in Jaw, omnibus imperpetuum tam presentibus quam futuris volumus fore notum, quod nos deliberacione matura et consilio¬
diligenti nobiscum amicis quoque ac fidelibus nostris prehabitis eorumque favore et consensu expressis accedentibus civitatem nostram et terram Gorlicz, quam ab imperatoribus aut romanorum regibus nos et predecessores nostri¬
recipere consuevimus cum omnibus suis, iuribus et pertinenciis quocumque vocentur nomine aut in quibuscumque consistant, exceptis Lubano civitate et territorio eiusdem civitatis lesna, opido foensi czaychow et
weta castris, cum suis appendiis nominatimus, exceptis etiam Sarowe civitate trybul et prybuz castris et oppidis, cum omnibus suis, iuribus, dominiis et pertinenciis omnibusque feudis et feodalibus, que in terra lu¬
acie, herre dominose nostri expressis et non expressis principi magnifico domino Johanni, Boemie et Polonie regi ac Lucemburgensis comiti sororio nostro krimo, vendidimus et in alia bona vite nostre dumtaxat possidenda, ipsi¬
us, nobisque de medio sublatis relictis per nos heredibus vel non expensis et racione quibusibus remotis ad regnum Boemie libere reversura, eciam si castrum aliquod in bonis eisdem nostris instauraverimus, laboribus et expensis
crautenow uz et civiam cum suis appendiis bonis fidelibus et hominibus salvis omnibus eorum quibus ad nos pervenerint, iuribus intantum etiam, quod nec collatam nec steuram gratialem que berna vulgariter dicitur,
de eisdem insig per regem ipsum aut suos officiales imposita fuerit, regno Boemie et cunc taxacionem illa, quam colligitur in Boemiam recipere debeamus, secum commutavimus, ipsas sibi, heredibus ac successoribus suis, Boemie regibus,
ure hereditario presentibus testibus subnotatis nostro, heredum ac successorum nostrorum nomine sponte et libere resignantes, habendas regendas utifruendas per ipsum heredes et successores suos prefatos ac eciam possidendas renunciantes in hiis et
pro nostro, heredum ac successorum nostrorum nole predictorum excepcioni, doli mali, infacium accioni, brificio restitucionis integrum, omni iuris auxilio tam canonici quam civilis, Lris quoque a papa, imperatoribus aut romanorum regibus
impetratis vel eciam impetadis ac alti quovis annunculo, quod vel per successionem hereditariam aut in feudacionem impenalem vel alium quemcumque modie, nobis, heredibus vel successoribus nostris andictis competere
et conpetere forasse posset pro quod nobis suffragium ferri, regi vero, heredibus aut successoribus suis, sepedictis dispendium vel impedimentum posset aliquo gnarii, promittentes omnia et singula superscripta firmiter observare¬
et contra ea vel eorum alterum in toto vel parte nullo umquam ipse sue casu, dolo fraude vel ingenio aliquo de iure vel de facto per nos ipsos aliis vel alios facere aut venire. In quorum omnium testimonium et cautelam presentes fieri¬
cimus litteras sigilli nostri invenne roboratis testes suntus venerabilis pro dominus Witko, coptis misnensis illustres, principes et domini Rudolfus sciliz Saconie, Hir Wratus Bolezlaus Legnicensis, Polko valkmbergern, Polko op¬
eh, Hir et commadus fratres, Glogoviensis duces per nos regati, sigilla sua presentibus, appendere intestimonium premissorum et nos Witko, Dei gratia misnensis epere Rudolfus Saxonie, Hir Wratum, Boemie regnicensis,
olko valkenbergensis Polko Opoliensis, Hir et Conradus fratris Glogoviensis duces et testes suprascripti vendicioni, campcioni et commutacionis predictis presencialiter affuerimus et sigilla nostra rogati et iussi per presen¬
penie illustres, dominum Henricus supradictum sordum et consangneum nostrum karium duximus intestimonium et robur firmus, appendenda. Datum et actum Wratitur. In die invencionis scere crucis, anno
omini millesimo trecentesimo vicesimo nono.</Unicode>
            </TextEquiv>
        </TextRegion>
    </Page>
</PcGts>
