8162 6231
2038 1345 5331 1846 Wir der obgenanten unsern herren den kung obirczgisty budu¬
2184 1866 5347 1944 die yn sehen odir horen lesen, daz der allirdurchluchtigist furst und herre, unsir genedig herre her Karl von Gots gnaden
2195 1946 5341 2021 romischer keiser ze allen zeiten merer des reichs und kunig ze Beheim, mit uns, und wir mit ym uberkomen und
2188 2039 5340 2104 eindrechtig worden sein in dieser nachgeschriben weis, daz wir ym seinen stetten Gorlicz und Budissen odir wenneu¬
2200 2128 5356 2204 dazentfelet, tusschen hie und wynachten schirst komend zu kauffe und zu losung geben sullen die vesten Hogirswurde¬
2187 2216 5302 2302 mit alle ir zugehorung umb viertzehen hundirt schog grozzer pfennige pragischer muncz und werung, als wir¬
2172 2301 5318 2404 die selben festen an uns gewonnen und kouft han, umb den edilen man, den Jungen, von Schonenfelt in der zeit, do sie
2178 2392 5306 2495 in unsers herren, und des kunigreichs von Beheim achte, waren, und doch also, we iz daz unser herre der keiser, sein vorgenanten
2186 2484 5384 2591 stette Gorlicz und Budissin odir wem er daz entfelet, daz gelt nicht geben noch bezelten, vor diesen nehesten wynachter¬
2169 2581 5391 2678 daz danne die vesten, unsir und unsir erben eweclich verliben sullen, und daz die selben vesten Hogirsk wirde mit allir zuge¬
2188 2682 5376 2774 horung, auz der recht sein sal, und zu irm recht komen, als sie vor der acht was und doch unsirs herren des keisers sei¬
2185 2768 5360 2848 ner nachkomen kunigen ze Beheim, und der cronen desselben kunigreichs ze Beheim recht lehen sein und verlibe¬
2179 2855 5346 2935 zu allem rechte, als die festen Hogiis wirde ietzunt ist, und vor zyden ist gewesen, dovon geloben wir in guten trewen
2171 2943 5304 3012 dem vorgenanten unsirm herren dem keiser alle und iecliche dieser vorgeschriben artikel stede und feste zu haldene und
2160 3026 5331 3112 nicht dar wieder zu tun in dieheineweis, und han dorumb zu urtkunde und rechter stedekeit, ich, graf Johans
2183 3111 5308 3199 von Swartzburg, vorgenanten mam insiegel an diesen brieff gehangen, und wann ich graf Gunther von Swartzburg, ¬
2186 3206 5356 3295 obgenanten myn insiegel zu diesen zeiten nicht bei mir han so haben wir beide gebruder vorgenanten gebeten und bietten,
2185 3296 5372 3377 an diesem briefe, unsern lieben vettern, grafen Heinrich von Swartzburg, herren zu Arnsteten und zu sundirshusen¬
2187 3380 5364 3459 daz er zu urtkunde aller dieser vorgeschribener sachen sein insiegel an diesen brieff henke, des ich Heinrich, graf von
2171 3462 5331 3543 Swartzburg, vorgenanten mich bekennen und han durch beten willen, meyner vorgenanten vettern Johans und Gunthers,
2173 3552 5391 3634 grafen von Swartzburg, und zu urtkunde dieser obgenanten sachen, myn ingesiegel an diesen brief gehangen, der geben
2170 3634 5380 3722 ist nach Cristus geburt drutzenhundert jar dornach in dem syben und funftzigistem jar an der heiligen sant Petirs¬
2160 3714 2783 3794 und Paulus abent
