3000 2113
224 169 2214 345 Vir der burgermeister, der rat und die burger gemeinlichen der stat zu Eger bechennen und tun kunt offenlichen mit disem brive allen den, di in sehen oder horen lesen, allein die brive
340 291 2218 333 des allerdurchluchtigsten fursten und herren, herren Karls romisch kunigs zu allen ziten merer des reychs und kunigs zu Behem, unsers liben genedigen herren, di er uber sein pfantschefte
330 319 2204 361 der stat und des lands zu Eger und der vesten Flozz und Parckstein und waz dar gehoret gehabt hat und di auch seliger geduchnuss di hochgeborn fursten, etwenn kunige zu Behem,
334 349 2221 386 sein eldern, durch merklicher sachen willen von dem heyligen reyche behalden und erworben haben, von widerzemer ungeschicht beide verbrennet und verlorn sint, daz er damit sein reht niht beweisen
319 376 2210 412 mage, als billich wer, doch, sint demmal, daz di selb pfantschaft den kurfursten des heyligen reichs, beide geistlichen und werltlichen, wol kundig ist und si ir brive gezeugnuss mit ire
325 404 2228 444 anhangenden insigeln daruber geben haben, und wir auch sulcher gelegenheit wol und gentzlich underwiset sin, daz di obgenant stat zu Eger mit dem lande und di vesten Flozz und Parckstein
326 433 2219 471 mit allen zugehorungen dem kunigriech und der cronen zu Beheim umb virtzig tusent marck lotiges silbers, sehst halben guldein floren gewiht fur ie di marck ze reiten, zu rehtem pfande, reht
320 460 2233 500 und redlich, von wegen des heiligen reychs versetzet sint, und sein eldern und vorvarn, kunige zu Beheim, in gewere und rehter besitzunge der selben pfantschefte gewesen sint und er noch ist
329 487 2228 524 auf disen hutigen tage, wanne auch di obgenanten kurfursten, geistliche und werltliche, angesehen haben die besunder genade, den nutzen fleizze und di steticleiche arbeyt, da mit der obgenant unser
334 515 2238 548 herre des heiligen reichs nutz und ere getrewlich understanden hat, und auch gebruvet haben di merklichen getrewen dienst, di sin eltern, etwenne hochgeborn kunge zu Behem, dem obgenanten reiche
334 541 2237 577 erlichen und nutzlichen offt getan haben, wanne auch daz kungriche zu Beheim ein edlez, wirdigez gelyet ist der römischen cronen, so meynten und wolten si sulchen schaden des obgenanten
332 566 2254 606 kunigrichs zu Beheim vernunfticlichen untersten durch di besunder trewe, da mit si als kurfursten dem heyligen reiche verbunden sein, auf di rede, daz der obgenant unser herre daz selbe sein kunig¬
341 595 2234 634 riche und di crone zu Beheim durch sulchen zweyvel icht beschedigt oder gehindert, werden, so haben si bekant mit wolbedachtem mute, mit rechter wizzen und mit iren offnen briven, daz
336 618 2247 662 di obgenant stat zu Eger mit dem lande und di vesten Flozz und Parckstein mit merckten, dorffern, mit edlen und unedlen, armen und reichen, kreizzen und allen zugehorungen,
336 644 2233 688 di in den gemerken der selben lande und vesten gelegen und gesezzen sint, des obgenanten unsers herren, als eines kungs zu Beheim, siner erben und nachkumen, kunge zu Behem, unde
338 670 2218 717 der cronen des selben kungrichs rehte pfantschafte lange gewesein sein und noch sein fur virtzig tusent marck lotigs silbers sulches gewihtes, als do vor begriffen ist. Und di selben
323 701 2200 743 pfantschaft haben di selben kurfursten bestetigt mit rechter wizzen in aller der mazze, als do vor begriffen ist, und haben auch dar zu geben ire gunst, willen und wort, als si des
341 734 2218 770 macht haben, als kurfursten des heiligen römischen reichs. Des haben wir angesehen di redliche gezeugnuzze und kuntliche underweisunge, als dovor gesehriben stet, und do von
332 762 2220 799 wir, der obgenant burgermeister, der rat und di burger gemeinlich der stat zu Eger, mit rate, gunst, wizzen, willen und worte unser gemeinschefte, unbetwungen, mit
345 790 2213 828 freyer wilkur und mit wolbedahtem mute fur uns, unser erben und nachkumen, so haben wir gehuldet, gelobet und gesworen, hulden, geloben und sweren dem obge¬
349 817 2207 858 nanten unserm herren kunge Karle, als einem kunge zu Beheim, sinen erben und nachkumen, kungen zu Behem, und der cronen des selben kungrichs, daz wir in zu den
333 846 2206 889 vesten Flozz und Parckstein semmentlichen zu einem rehtem pfande fur di obgenanten virtzig tusent marck silbers, als do vor begriffen ist, getrewe holt, undertenick
348 876 2206 920 und gehorsam sein wollen und sullen, als unsern rechten herren. Mit urkunde ditzs brives, versigelt mit unser stat insigel, der geben ist zu Eger nach Crists geburte
341 908 2262 952 uber dreutzehen hundert jar und dar nach in dem vir und funftzigsten jar, an dem nehsten sunntage nach Ostern, als man singt Quasi modo geniti.
