3000 3209
328 242 2148 414 In nomine sancte et individue Trinitatis. Nos Premizl, Dei gratia Boemorum rex, universis Christi fidelibus tam
334 441 2120 554 presentibus quam futuris notum esse volumus, quod nos una cum consorte thori nostri, illustri regina Constantia, villam Wsehrdi,
336 581 2106 677 quam dilecti nobis abbas et fratres in Plaz pro concambio ville nostre nomine Nahodini nobis tradiderant, eorumdem precibus inclinati
335 702 2118 801 et instantia provocati pro XLa marcis argenti vendidimus, in hoc magis eorum consulentes inopie et paci providentes, quam perituras nostris
334 822 2124 924 heredibus pecunias cumulantes. Plus namque pensamus lucra celestia, que nullo penitus fine clauduntur, quam rerum afflu¬
337 936 2124 1044 entiam, que tristem exitum sortiuntur. Ut ergo in posterum et concambium et venditio et omnis nostra factio possit robur il¬
348 1065 2109 1163 libatum tenere, karissimus filius noster, gloriosus rex Wencezlaus, cum venerabili regina domina Cungunda, coniuge sua, gratanter
333 1186 2095 1289 et libere prebuere consensum, volentes et ipsi bonorum virorum orationibus divinam sibi conciliare clementiam et pro vili commercio gloriam consequi
347 1313 2126 1409 sempiternam. Decrevimus etiam, ut sigillorum nostrorum appensione hec pagina fulciatur et eidem nomina testium inserantur: Eppo prepositus
355 1428 2099 1529 ecclesie Pragensis, Arnoldus prepositus Wissegradensis, Hermannus prepositus Lutomericensis, Ratmirus camerarius Pliznensis, Sdezlaus camerarius
359 1550 2137 1655 Pragensis, Fridericus magister domus sancte Marie, WIsco de Zuekow, Wecemilus et Heinricus frater eius, Zulizlaus de Kniwan,
349 1668 2111 1771 Iwanus et Ernestus fratres, Sdezlaus de Sista, Bethlehem wassallus regine, Scamponoys camerarius regine aliique
357 1792 2103 1898 quam plures, quorum nomina conpendii gratia preterimus. Datum in urbe Praga per manus domini Arnoldi cancellarii anno ab in¬
351 1910 2106 2018 carnatione Domini MoCCoXXoVIIIIo, indictione IIa.
