<?xml version="1.0" encoding="UTF-8" standalone="yes"?>
<PcGts xmlns="http://schema.primaresearch.org/PAGE/gts/pagecontent/2013-07-15" xmlns:xsi="http://www.w3.org/2001/XMLSchema-instance" xsi:schemaLocation="http://schema.primaresearch.org/PAGE/gts/pagecontent/2013-07-15 http://schema.primaresearch.org/PAGE/gts/pagecontent/2013-07-15/pagecontent.xsd">
    <Metadata>
        <Creator>prov=University of Rostock/Institute of Mathematics/CITlab/Tobias Gruening/tobias.gruening@uni-rostock.de:name=/net_tf/LA73_249_0mod360.pb:de.uros.citlab.segmentation.CITlab_LA_ML:v=2.3.1
TRP</Creator>
        <Created>2019-07-31T10:44:33.155+02:00</Created>
        <LastChange>2019-11-21T14:01:06.820+01:00</LastChange>
        <TranskribusMetadata docId="190076" pageId="7518219" pageNr="1" tsid="19696572" status="IN_PROGRESS" userId="38723" imgUrl="https://files.transkribus.eu/Get?id=KBQGHOBOXKQHJIEKIAHCOSQX&amp;fileType=view" xmlUrl="https://files.transkribus.eu/Get?id=JQNETEFKISXBGRGOUXWZZHWH" imageId="4524802"/>
    </Metadata>
    <Page imageFilename="NA-ACK_13530619_00394_r.jpg" imageWidth="6594" imageHeight="5400">
        <ReadingOrder>
            <OrderedGroup id="ro_1579618209010" caption="Regions reading order">
                <RegionRefIndexed index="0" regionRef="r1"/>
            </OrderedGroup>
        </ReadingOrder>
        <TextRegion orientation="0.0" id="r1" custom="readingOrder {index:0;}">
            <Coords points="829,566 869,2373 4088,2368 4048,561"/>
            <TextLine id="r1l1" custom="readingOrder {index:0;} place {offset:51; length:9;}">
                <Coords points="974,721 1150,722 1295,724 1440,726 1585,727 1730,728 1875,729 2020,730 2165,730 2310,731 2455,732 2599,732 2744,733 2889,733 3034,734 3179,735 3324,736 3469,737 3614,738 3759,740 3904,741 3904,669 3759,668 3614,666 3469,665 3324,664 3179,663 3034,662 2889,661 2744,661 2599,660 2455,660 2310,659 2165,658 2020,658 1875,657 1730,656 1585,655 1440,654 1295,652 1150,650 974,649"/>
                <Baseline points="1006,697 1150,698 1295,700 1440,702 1585,703 1730,704 1875,705 2020,706 2165,706 2310,707 2455,708 2599,708 2744,709 2889,709 3034,710 3179,711 3324,712 3469,713 3614,714 3759,716 3904,717"/>
                <TextEquiv>
                    <Unicode>Wir burgermaister und der gesworne rat der stat zu Tekendorf bekennen und tun chunt offenlich</Unicode>
                </TextEquiv>
            </TextLine>
            <TextLine id="r1l2" custom="readingOrder {index:1;}">
                <Coords points="989,807 1133,807 1278,807 1423,807 1568,808 1713,809 1858,810 2003,811 2148,812 2293,814 2438,815 2582,816 2727,817 2872,817 3017,817 3162,817 3307,817 3452,816 3597,814 3742,812 3887,809 3887,751 3742,754 3597,756 3452,758 3307,759 3162,759 3017,759 2872,759 2727,759 2582,758 2438,757 2293,756 2148,754 2003,753 1858,752 1713,751 1568,750 1423,749 1278,749 1133,749 989,749"/>
                <Baseline points="989,788 1133,788 1278,788 1423,788 1568,789 1713,790 1858,791 2003,792 2148,793 2293,795 2438,796 2582,797 2727,798 2872,798 3017,798 3162,798 3307,798 3452,797 3597,795 3742,793 3887,790"/>
                <TextEquiv>
                    <Unicode>mit disem brive allen den, di in sehen oder horen lesen, daz wir durch sunderlich gebot des hochge¬</Unicode>
                </TextEquiv>
            </TextLine>
            <TextLine id="r1l3" custom="readingOrder {index:2;} person {offset:20; length:56;} place {offset:48; length:4;} place {offset:70; length:6;}">
                <Coords points="996,896 1137,892 1279,890 1421,888 1563,887 1705,887 1847,888 1989,890 2131,891 2273,893 2415,895 2556,898 2698,899 2840,901 2982,903 3124,904 3266,904 3408,904 3550,902 3692,900 3834,896 3834,838 3692,842 3550,844 3408,846 3266,846 3124,846 2982,845 2840,843 2698,841 2556,840 2415,837 2273,835 2131,833 1989,832 1847,830 1705,829 1563,829 1421,830 1279,832 1137,834 996,838"/>
                <Baseline points="996,877 1137,873 1279,871 1421,869 1563,868 1705,868 1847,869 1989,871 2131,872 2273,874 2415,876 2556,879 2698,880 2840,882 2982,884 3124,885 3266,885 3408,885 3550,883 3692,881 3834,877"/>
                <TextEquiv>
                    <Unicode>bornen fursten hern Albrechts, pfalczgraven bei Rein und herczogen in Beyern, unsers lieben</Unicode>
                </TextEquiv>
            </TextLine>
            <TextLine id="r1l4" custom="readingOrder {index:3;}">
                <Coords points="967,992 1164,988 1310,985 1456,983 1602,982 1747,981 1893,981 2039,981 2185,982 2330,983 2476,985 2622,986 2768,987 2913,989 3059,990 3205,991 3351,991 3496,991 3642,990 3788,989 3934,987 3934,918 3788,920 3642,921 3496,922 3351,922 3205,922 3059,921 2913,920 2768,918 2622,917 2476,916 2330,914 2185,913 2039,912 1893,912 1747,912 1602,913 1456,914 1310,916 1164,919 967,923"/>
                <Baseline points="1019,969 1164,965 1310,962 1456,960 1602,959 1747,958 1893,958 2039,958 2185,959 2330,960 2476,962 2622,963 2768,964 2913,966 3059,967 3205,968 3351,968 3496,968 3642,967 3788,966 3934,964"/>
                <TextEquiv>
                    <Unicode>genedigen herren, mit wolbedachtem mute, mit rat, gunst, wizzen und willen unserr gemein¬</Unicode>
                </TextEquiv>
            </TextLine>
            <TextLine id="r1l5" custom="readingOrder {index:4;}">
                <Coords points="988,1087 1171,1084 1315,1080 1458,1078 1602,1076 1746,1075 1889,1075 2033,1075 2176,1076 2320,1077 2464,1078 2607,1079 2751,1081 2894,1083 3038,1084 3182,1085 3325,1086 3469,1087 3612,1087 3756,1087 3900,1086 3900,1017 3756,1018 3612,1018 3469,1018 3325,1017 3182,1016 3038,1015 2894,1014 2751,1012 2607,1010 2464,1009 2320,1008 2176,1007 2033,1006 1889,1006 1746,1006 1602,1007 1458,1009 1315,1011 1171,1015 988,1018"/>
                <Baseline points="1028,1064 1171,1061 1315,1057 1458,1055 1602,1053 1746,1052 1889,1052 2033,1052 2176,1053 2320,1054 2464,1055 2607,1056 2751,1058 2894,1060 3038,1061 3182,1062 3325,1063 3469,1064 3612,1064 3756,1064 3900,1063"/>
                <TextEquiv>
                    <Unicode>schefte gelobt haben und geloben, auch in guten trewen an geverd, der hochgebornen furstin¬</Unicode>
                </TextEquiv>
            </TextLine>
            <TextLine id="r1l6" custom="readingOrder {index:5;} person {offset:4; length:18;} place {offset:35; length:7;}">
                <Coords points="990,1185 1136,1181 1283,1177 1430,1174 1577,1172 1724,1171 1870,1171 2017,1170 2164,1170 2311,1171 2458,1172 2604,1173 2751,1174 2898,1175 3045,1176 3192,1176 3338,1177 3485,1177 3632,1177 3779,1176 3926,1175 3926,1114 3779,1115 3632,1116 3485,1116 3338,1116 3192,1115 3045,1115 2898,1114 2751,1113 2604,1112 2458,1111 2311,1110 2164,1109 2017,1109 1870,1110 1724,1110 1577,1111 1430,1113 1283,1116 1136,1120 990,1124"/>
                <Baseline points="990,1165 1136,1161 1283,1157 1430,1154 1577,1152 1724,1151 1870,1151 2017,1150 2164,1150 2311,1151 2458,1152 2604,1153 2751,1154 2898,1155 3045,1156 3192,1156 3338,1157 3485,1157 3632,1157 3779,1156 3926,1155"/>
                <TextEquiv>
                    <Unicode>nen herczogen Ludweigs tochter von Lignicz, des obgenanten unsers heren eliche wir¬</Unicode>
                </TextEquiv>
            </TextLine>
            <TextLine id="r1l7" custom="readingOrder {index:6;}">
                <Coords points="973,1268 1135,1268 1278,1268 1421,1268 1564,1268 1707,1268 1850,1267 1992,1267 2135,1267 2278,1266 2421,1266 2564,1266 2707,1266 2850,1266 2992,1266 3135,1266 3278,1267 3421,1268 3564,1268 3707,1269 3850,1271 3850,1210 3707,1208 3564,1207 3421,1207 3278,1206 3135,1205 2992,1205 2850,1205 2707,1205 2564,1205 2421,1205 2278,1205 2135,1206 1992,1206 1850,1206 1707,1207 1564,1207 1421,1207 1278,1207 1135,1207 973,1207"/>
                <Baseline points="993,1248 1135,1248 1278,1248 1421,1248 1564,1248 1707,1248 1850,1247 1992,1247 2135,1247 2278,1246 2421,1246 2564,1246 2707,1246 2850,1246 2992,1246 3135,1246 3278,1247 3421,1248 3564,1248 3707,1249 3850,1251"/>
                <TextEquiv>
                    <Unicode>tinne, zu einem rechtem pfande umb dreizzig tausent guldeiner irerr morgengab,</Unicode>
                </TextEquiv>
            </TextLine>
            <TextLine id="r1l8" custom="readingOrder {index:7;}">
                <Coords points="985,1358 1149,1361 1293,1361 1437,1361 1582,1360 1726,1360 1870,1360 2014,1360 2159,1360 2303,1360 2447,1360 2591,1360 2736,1360 2880,1360 3024,1359 3168,1359 3313,1359 3457,1358 3601,1358 3745,1357 3890,1357 3890,1290 3745,1290 3601,1291 3457,1291 3313,1292 3168,1292 3024,1292 2880,1293 2736,1293 2591,1293 2447,1293 2303,1293 2159,1293 2014,1293 1870,1293 1726,1293 1582,1293 1437,1294 1293,1294 1149,1294 985,1291"/>
                <Baseline points="1005,1340 1149,1339 1293,1339 1437,1339 1582,1338 1726,1338 1870,1338 2014,1338 2159,1338 2303,1338 2447,1338 2591,1338 2736,1338 2880,1338 3024,1337 3168,1337 3313,1337 3457,1336 3601,1336 3745,1335 3890,1335"/>
                <TextEquiv>
                    <Unicode>daz wir derselben unserr vraun und zu irer hant dem allerdurchluchtigsten fursten und herren</Unicode>
                </TextEquiv>
            </TextLine>
            <TextLine id="r1l9" custom="readingOrder {index:8;} person {offset:5; length:74;} place {offset:74; length:5;}">
                <Coords points="1009,1461 1150,1457 1292,1454 1434,1452 1575,1451 1717,1451 1859,1452 2000,1452 2142,1454 2284,1455 2426,1457 2567,1459 2709,1460 2851,1462 2992,1463 3134,1464 3276,1464 3417,1464 3559,1462 3701,1460 3843,1457 3843,1390 3701,1393 3559,1395 3417,1397 3276,1397 3134,1397 2992,1396 2851,1395 2709,1393 2567,1392 2426,1390 2284,1388 2142,1387 2000,1385 1859,1385 1717,1384 1575,1384 1434,1385 1292,1387 1150,1390 1009,1394"/>
                <Baseline points="1009,1439 1150,1435 1292,1432 1434,1430 1575,1429 1717,1429 1859,1430 2000,1430 2142,1432 2284,1433 2426,1435 2567,1437 2709,1438 2851,1440 2992,1441 3134,1442 3276,1442 3417,1442 3559,1440 3701,1438 3843,1435"/>
                <TextEquiv>
                    <Unicode>hern Karl, Romischen kunig, zu allen zeiten merer des reichs und kunig zu Behem zu einem</Unicode>
                </TextEquiv>
            </TextLine>
            <TextLine id="r1l10" custom="readingOrder {index:9;}">
                <Coords points="999,1560 1140,1557 1281,1555 1422,1554 1563,1553 1704,1553 1845,1554 1986,1555 2127,1556 2268,1558 2410,1560 2551,1562 2692,1564 2833,1565 2974,1567 3115,1568 3256,1568 3397,1568 3538,1568 3679,1567 3849,1565 3849,1493 3679,1495 3538,1496 3397,1496 3256,1496 3115,1496 2974,1495 2833,1493 2692,1492 2551,1490 2410,1488 2268,1486 2127,1484 1986,1483 1845,1482 1704,1481 1563,1481 1422,1482 1281,1483 1140,1485 999,1488"/>
                <Baseline points="999,1536 1140,1533 1281,1531 1422,1530 1563,1529 1704,1529 1845,1530 1986,1531 2127,1532 2268,1534 2410,1536 2551,1538 2692,1540 2833,1541 2974,1543 3115,1544 3256,1544 3397,1544 3538,1544 3679,1543 3821,1541"/>
                <TextEquiv>
                    <Unicode>rechten pfand warten, gehorsam und undertenig sein wellen und sullen, mit dem gerichte zu</Unicode>
                </TextEquiv>
            </TextLine>
            <TextLine id="r1l11" custom="readingOrder {index:10;}">
                <Coords points="993,1657 1165,1653 1307,1650 1450,1649 1592,1648 1734,1648 1877,1649 2019,1650 2161,1652 2304,1654 2446,1656 2588,1658 2731,1660 2873,1662 3015,1664 3158,1665 3300,1665 3442,1665 3585,1664 3727,1661 3870,1658 3870,1586 3727,1589 3585,1592 3442,1593 3300,1593 3158,1593 3015,1592 2873,1590 2731,1588 2588,1586 2446,1584 2304,1582 2161,1580 2019,1578 1877,1577 1734,1576 1592,1576 1450,1577 1307,1578 1165,1581 993,1585"/>
                <Baseline points="1023,1633 1165,1629 1307,1626 1450,1625 1592,1624 1734,1624 1877,1625 2019,1626 2161,1628 2304,1630 2446,1632 2588,1634 2731,1636 2873,1638 3015,1640 3158,1641 3300,1641 3442,1641 3585,1640 3727,1637 3870,1634"/>
                <TextEquiv>
                    <Unicode>viechtach, dem ckasten und seiner zugehorung, uncz an die czeit, das der obgenant unser</Unicode>
                </TextEquiv>
            </TextLine>
            <TextLine id="r1l12" custom="readingOrder {index:11;} person {offset:5; length:16;}">
                <Coords points="989,1751 1174,1750 1323,1748 1473,1746 1622,1746 1772,1746 1921,1747 2070,1749 2220,1751 2369,1754 2519,1757 2668,1760 2818,1762 2967,1764 3116,1766 3266,1767 3415,1767 3565,1767 3714,1765 3864,1761 3864,1689 3714,1693 3565,1695 3415,1695 3266,1695 3116,1694 2967,1692 2818,1690 2668,1688 2519,1685 2369,1682 2220,1679 2070,1677 1921,1675 1772,1674 1622,1674 1473,1674 1323,1676 1174,1666 989,1667"/>
                <Baseline points="1025,1731 1174,1726 1323,1724 1473,1722 1622,1722 1772,1722 1921,1723 2070,1725 2220,1727 2369,1730 2519,1733 2668,1736 2818,1738 2967,1740 3116,1742 3266,1743 3415,1743 3565,1743 3714,1741 3864,1737"/>
                <TextEquiv>
                    <Unicode>herr herczog Albrecht, sein erben oder nachkomen, der obgenanten unserr vrawn oder wem</Unicode>
                </TextEquiv>
            </TextLine>
            <TextLine id="r1l13" custom="readingOrder {index:12;}">
                <Coords points="1014,1847 1155,1844 1297,1843 1438,1842 1580,1842 1722,1843 1863,1844 2005,1845 2147,1847 2288,1850 2430,1852 2572,1854 2713,1857 2855,1859 2997,1861 3138,1862 3280,1863 3422,1864 3563,1863 3705,1862 3892,1861 3892,1789 3705,1790 3563,1791 3422,1792 3280,1791 3138,1790 2997,1789 2855,1787 2713,1785 2572,1782 2430,1780 2288,1778 2147,1775 2005,1773 1863,1772 1722,1771 1580,1770 1438,1770 1297,1771 1155,1772 1014,1775"/>
                <Baseline points="1014,1823 1155,1820 1297,1819 1438,1818 1580,1818 1722,1819 1863,1820 2005,1821 2147,1823 2288,1826 2430,1828 2572,1830 2713,1833 2855,1835 2997,1837 3138,1838 3280,1839 3422,1840 3563,1839 3705,1838 3847,1837"/>
                <TextEquiv>
                    <Unicode>si das verschaft, di egenanten dreizzig tausent guldein gar und genczlich verrichten</Unicode>
                </TextEquiv>
            </TextLine>
            <TextLine id="r1l14" custom="readingOrder {index:13;} person {offset:66; length:19;}">
                <Coords points="997,1954 1161,1948 1305,1943 1449,1940 1593,1939 1737,1939 1881,1939 2025,1941 2169,1944 2313,1946 2458,1949 2602,1953 2746,1956 2890,1959 3034,1962 3178,1963 3322,1964 3466,1964 3610,1963 3754,1961 3923,1960 3923,1888 3754,1889 3610,1891 3466,1892 3322,1892 3178,1891 3034,1890 2890,1887 2746,1884 2602,1881 2458,1877 2313,1874 2169,1872 2025,1869 1881,1867 1737,1867 1601,1839 1457,1840 1305,1871 1161,1856 997,1862"/>
                <Baseline points="1017,1930 1161,1924 1305,1919 1449,1916 1593,1915 1737,1915 1881,1915 2025,1917 2169,1920 2313,1922 2458,1925 2602,1929 2746,1932 2890,1935 3034,1938 3178,1939 3322,1940 3466,1940 3610,1939 3754,1937 3899,1932"/>
                <TextEquiv>
                    <Unicode>und beczalen in aller der mazze, als des obgenanten unsers herren herczogen Albrechts brive,</Unicode>
                </TextEquiv>
            </TextLine>
            <TextLine id="r1l15" custom="readingOrder {index:14;}">
                <Coords points="1002,2055 1143,2049 1284,2044 1425,2042 1566,2040 1707,2040 1848,2041 1989,2042 2130,2045 2271,2048 2412,2051 2553,2054 2694,2058 2835,2061 2976,2063 3117,2065 3258,2066 3399,2067 3540,2066 3681,2064 3863,2052 3863,1980 3681,1992 3540,1994 3399,1995 3258,1994 3117,1993 2976,1991 2835,1989 2694,1986 2553,1982 2412,1979 2271,1976 2130,1973 1989,1970 1848,1969 1707,1968 1566,1968 1425,1970 1284,1972 1143,1977 1002,1983"/>
                <Baseline points="1002,2031 1143,2025 1284,2020 1425,2018 1566,2016 1707,2016 1848,2017 1989,2018 2130,2021 2271,2024 2412,2027 2553,2030 2694,2034 2835,2037 2976,2039 3117,2041 3258,2042 3399,2043 3540,2042 3681,2040 3822,2036"/>
                <TextEquiv>
                    <Unicode>di er daruber geben hat, lauterlich begreiffen. Mit urkund dicz brives, versigelt mit</Unicode>
                </TextEquiv>
            </TextLine>
            <TextLine id="r1l16" custom="readingOrder {index:15;} place {offset:38; length:9;} date {offset:48; length:36; continued:true;year:0; day:0; month:0;}">
                <Coords points="999,2133 1195,2144 1338,2143 1481,2143 1624,2143 1767,2144 1910,2146 2053,2149 2196,2151 2339,2154 2483,2156 2626,2159 2769,2162 2912,2165 3055,2166 3198,2168 3341,2169 3484,2170 3627,2169 3770,2168 3954,2154 3954,2082 3770,2096 3627,2097 3484,2098 3341,2097 3198,2096 3055,2094 2912,2093 2769,2090 2626,2087 2483,2084 2339,2082 2196,2079 2053,2077 1910,2074 1767,2072 1624,2071 1481,2071 1338,2071 1195,2072 999,2061"/>
                <Baseline points="1052,2121 1195,2120 1338,2119 1481,2119 1624,2119 1767,2120 1910,2122 2053,2125 2196,2127 2339,2130 2483,2132 2626,2135 2769,2138 2912,2141 3055,2142 3198,2144 3341,2145 3484,2146 3627,2145 3770,2144 3914,2142"/>
                <TextEquiv>
                    <Unicode>unserr stat insigel, der geben ist zu Tekendorf nach Cristus geburte dreuczenhundert</Unicode>
                </TextEquiv>
            </TextLine>
            <TextLine id="r1l17" custom="readingOrder {index:16;} date {offset:0; length:83; continued:true;year:0; day:0; month:0;}">
                <Coords points="990,2238 1181,2247 1325,2245 1468,2245 1612,2245 1756,2246 1899,2248 2043,2250 2186,2253 2330,2257 2474,2259 2617,2262 2761,2266 2904,2268 3048,2270 3192,2272 3335,2273 3479,2273 3622,2271 3766,2269 3930,2257 3930,2185 3766,2197 3622,2199 3479,2201 3335,2201 3192,2200 3048,2198 2904,2196 2761,2194 2617,2190 2474,2187 2330,2185 2186,2181 2043,2178 1899,2176 1756,2174 1612,2173 1468,2173 1325,2173 1181,2175 990,2166"/>
                <Baseline points="1038,2226 1181,2223 1325,2221 1468,2221 1612,2221 1756,2222 1899,2224 2043,2226 2186,2229 2330,2233 2474,2235 2617,2238 2761,2242 2904,2244 3048,2246 3192,2248 3335,2249 3479,2249 3622,2247 3766,2245 3910,2241"/>
                <TextEquiv>
                    <Unicode>und in dem drei und fumfczgistem jare an sant Prothasius tag des heiligen merterers.</Unicode>
                </TextEquiv>
            </TextLine>
            <TextEquiv>
                <Unicode>Wir burgermaister und der gesworne rat der stat zu Tekendorf bekennen und tun chunt offenlich&#xD;
mit disem brive allen den, di in sehen oder horen lesen, daz wir durch sunderlich gebot des hochge¬&#xD;
bornen fursten hern Albrechts, pfalczgraven bei Rein und herczogen in Beyern, unsers lieben&#xD;
genedigen herren, mit wolbedachtem mute, mit rat, gunst, wizzen und willen unserr gemein¬&#xD;
schefte gelobt haben und geloben, auch in guten trewen an geverd, der hochgebornen furstin¬&#xD;
nen herczogen Ludweigs tochter von Lignicz, des obgenanten unsers heren eliche wir¬&#xD;
tinne, zu einem rechtem pfande umb dreizzig tausent guldeiner irerr morgengab,&#xD;
daz wir derselben unserr vraun und zu irer hant dem allerdurchluchtigsten fursten und herren&#xD;
hern Karl, Romischen kunig, zu allen zeiten merer des reichs und kunig zu Behem zu einem&#xD;
rechten pfand warten, gehorsam und undertenig sein wellen und sullen, mit dem gerichte zu&#xD;
viechtach, dem ckasten und seiner zugehorung, uncz an die czeit, das der obgenant unser&#xD;
herr herczog Albrecht, sein erben oder nachkomen, der obgenanten unserr vrawn oder wem&#xD;
si das verschaft, di egenanten dreizzig tausent guldein gar und genczlich verrichten&#xD;
und beczalen in aller der mazze, als des obgenanten unsers herren herczogen Albrechts brive,&#xD;
di er daruber geben hat, lauterlich begreiffen. Mit urkund dicz brives, versigelt mit&#xD;
unserr stat insigel, der geben ist zu Tekendorf nach Cristus geburte dreuczenhundert&#xD;
und in dem drei und fumfczgistem jare an sant Prothasius tag des heiligen merterers.</Unicode>
            </TextEquiv>
        </TextRegion>
    </Page>
</PcGts>
