6585 4628
893 469 4505 2218 Ich Ulrich Chramer von Sülczbach, bekenne und verich offenlich mit disem brief für
1215 728 4461 848 mich und alle mein erben, daz ich verzeich ledig und los sag den hochgeborn fürsten und
1212 826 4545 964 meinen gnedigen herren hern Rüdolffen, pfallntzgraven an dem Rine und herczog in Beyern, alle
1192 931 4506 1074 der schulde und ansprach, di ich und alle mein erben hin zu meinen vorgenanten herren haben, und
1171 1047 4480 1161 sag ich und alle mein erben, meinen vorgenanten herren und sin erben, der vorgeschriben ansprach quit
1179 1144 4502 1279 und ledig mit disem brief. Und waz brief ich und alle mein erben von unserm eegenanten herren ha¬
1181 1250 4523 1379 ben, di sullen alle furbaz immer mee, ewiclichen tod sin und weder kraft noch maht haben, und wo
1165 1365 4465 1509 mich mein vorgenanter herre zu Porgen geseczzet hat, da sol mir mein vorgenanter herr fürbaz nihtes
1171 1476 4444 1600 mee schuldig sin und auch doz ich um mein erben, da von nemen, da sol unser here furbaz
1165 1574 4475 1706 nihts mee schuldig sin, wer auch doz ich und mein erben keynen schaden genomen hetten von der
1145 1663 4499 1799 schuld wegen, dar umb ich für meinen vorbenanten herren behafft bin gewesen, da sol ich noch keyn mein
1167 1771 4455 1918 erbe keyn ansprach nimmer mee nach gehaben. Und dez zu urkunde gib ich meinem vorgenanten herren dis¬
1146 1869 4425 2015 en brief, versigelt mit meinem insigel, daz dar an hanget, und der vorgeschriben stukke, artikeln und sache
1129 1966 4403 2116 sint durch meiner bet willen, gezewgen mein lieb herren del edel vest ritter her Kun von Reiffenberch
1158 2075 4477 2216 und her Heinreich von der Wysen, ein ritter, zu den ziten meins herren hertzog Rudolfen, hofmeister, und her Ekhart
1119 2160 4433 2314 der Rehsse, ein ritter, meins vorbenanten herren obrigster schenkke. Der brief ist geben zu Sulczbach,
1066 2238 4483 2411 do man von Kristus geburt zalt drewczehen hündert jar, dar nach in dem ahten und viertzigsten
1103 2337 3978 2493 jar an dem nehsten donerstag nach sant Nyclas tag, des heyligen bischolfs.
