6584 4311
1214 1345 4131 1466 Nos, Sezema et Raczko de Bel, Busco de Chrassow ac Theodericus de Crassowicz,
1297 1453 4091 1569 fratres, ad universorum noticiam volumus pervenire, quod serenissimo domino nostro, domino Johanni,
1256 1541 4094 1660 Boemie et Polonie regi ac Lucemburgensi comiti, promisimus et promittimus per sollempnem sti¬
1272 1643 3996 1746 pulacionem omni dolo malo excluso corporaliter prestito sacramento servire et fideliter
1266 1730 4135 1842 adherere ac adiuvare ipsum omnibus temporibus vite nostre toto posse nostro et specialiter
1266 1826 4175 1933 contra Wilhelm de Waldek secundum presentis temporis statum ac generaliter contra omnem hominem
1256 1928 4076 2026 cuiuscumque eminencie, condicionis  et status existat, quociens et quandocumque per ipsum
1418 2030 4173 2132 dictum nostrum regem aut ex parte ipsius requisiti fuerimus. Harum testimonio litterarum. Datum
1242 2144 3538 2235 Prage II nonis februarii, anno Domini Millesimo Trecentesimo Decimonono.
3721 2327 4311 2408 Ponatur ad reversas.
