7031 5493
888 391 4529 1119 Ladislaus, Dei gracia Hungarie, Bohemie, Dalmacie, Croacie et cetera rex, Austrie et Luczemburgensis dux marchioque
1076 1063 4532 1162 Moravie et cetera, notumfacimus universis, quod cum per illustrem principem Albertum, marchionem Branndbur¬
1080 1158 4531 1256 gensem et burggrauium Nüremburgensem, consangwineum nostrum carissimum, concordia facta sit inter illustrem
1088 1244 4556 1344 principem Fridericum, Slesie et Brigensem ducem, ac illustrem Hedwigem, ipsius ducis Friderici matrem, fidelem
1078 1327 4532 1427 et devotum nostros dilectos, ex una et nobilem ac magnificum Georgium de Cunstat de Podiebrad, curie nostre
1082 1415 4476 1507 magistrum, fidelem nostrum dilectum, partibus ex altera super matrimonio contrahendo inter ipsum ducem Fridericum
1087 1500 4555 1597 et nobilem Zdenam, dicti Georgii filiam, nos provide mature ac deliberate et cum sano consilio nostrorum procerum
1084 1585 4444 1681 ac fidelium de certa nostra sciencia auctoritate regia Bohemie et ut directus ac supremus feudorum dominus dictam
1088 1671 4493 1772 concordiam approbamus, acceptamus, ratificamus nostroque assensu et auctoritate roboramus et confirmamus cum
1088 1755 4602 1856 omnibus clausulis, punctis, articulis et sentenciis suis, prout in litteris prefati marchionis super dicta concordia factis
1088 1850 4440 1940 continetur, ipsamque decernimus obtinere semper plenum firmum et inviolabile robur. Presencium sub nostri
1090 1917 4505 2028 regalis sigilli appensione testimonio litterarum. Datum Prage viczesima die mensis maii anno Domini mil¬
1099 2019 4559 2120 lesimoquadringentesimoquinquagesimoquarto, regnorum nostrorum anno Hungarie et cetera quartodecimo,
1054 2120 2106 2219 Bohemie vero primo.
3531 2348 4556 2584 Ad mandatum domini regis
3644 2459 4651 2546 Procopius de Rabenstein, cancellarius
