7446 4597
1135 1194 5133 2045 Ich Fryderich von Byberstein bekennen und tun kunt offenlich mit diesem brief allen den, die yn sehen odir horen lesen, wann ich die festen Landes¬
1462 1492 5150 1583 crone und waz darzu gehoret, Duchras und waz dorzu gehoret und Saraw und waz dorzu gehoret, und waz ich zu Glogaw in dem lande han,
1473 1575 5111 1666 sunder alsvil als dem herczogen von Glogaw ist verpfant, solange er daz ynne hart von dem allirdurchluchtigistem fursten, meinem genedigen herren
1485 1666 5123 1742 hern Karl, Romischem keiser und kunige zu Beheim, als von des kungreichs und der cronen von Beheim wegen zu rechtem lehen han und dar¬
1443 1745 5136 1812 zu Frydelant und Hamerstein mein frei erbe sein als andir herren zu Beheim, yr frei erbe han und doch gehoren zu der cronen zu Beheim do¬
1499 1821 5097 1895 von globen ich in guten truwen vor mich, meine erben und nachkomen, dem vorgenanten mynem herren, seinen erben und nachkomen kunige
1489 1899 5089 1970 zu Beheim, und der cronen desselben kunigreichs, daz ich noch meine erben und nachkomen uns mit den vorgenanten festen lant leute und gut
1493 1981 5120 2060 nummer in deheinen zeiten sollen noch enwollen von yn gescheiden, dann wir sollen und wollen yn getruwelich wiedir allirmenlich niemand auz¬
1503 2060 5132 2137 genomen, dienen, helfen und warten mit unsir selbes libe und mit den vorgenanten festen lant leute und gut, die wir han odir vorbaz gewinnen,
1513 2143 5145 2220 sundir allirlei argelist und geverde. Des zu urtkund und ewiger stedekeit han ich und mit mir zu meiner fleiziger bete der erwirdige in Got
1501 2230 5107 2293 vatter und herre her Thietrich, bisschof zu Mynden, und die hochgeborn fursten her Bolko zu Falkmberg und her Conrad von der Olsne, hertzo-
1523 2313 5114 2380 gen, und die edlen her Sbincke von Hasenburg, her Haske von Swereticz und her Henrich Cziegilheimer, mann unsirs herren und der cronen
1506 2399 5115 2464 zu Beheim vorgenanten unsir insiegele an diesen brieff gehangen, des wir die obgenanten Thietrich bisschof zu Mynden, Bolke zu Falkmberg, Conrad von
1515 2489 5106 2550 der Olsne hertzogen, Sbinke von Hasenburg, Hasko von Swereticz und Henrich Cziegilheim uns erkenne und haben durch fleizige
1513 2566 5100 2629 bete des edlen hern Frydereichs von Bebirstein vorgenanten vor sich, seine erben und nachkomen. Zu urkund allir dieser vorgeschriben sachen
1532 2646 5130 2717 unsir insiegele mit ym an diesem brief gehangen. Geben nach Cristus geburt drutzenhundirt jar dornach in dem syben und funftzgistem
1505 2738 2932 2809 jar an der nechsten mitwochen nach allir heiligen tag.
