7875 5725
841 542 5485 843 Wir purgermeister, der rat, die schepffen, die hantwerkmeister und die purger gemeinlich der stat zu Eger veriehen und
1123 781 5522 873 tunt kunt offenlich mit disem brif allen den, die in sehen oder horen lesen, wan der allerdurchleuchtigst furste, unser genediger
1031 841 5534 969 herre, Romischer kunig Karel, zu allen ziten merer des reichs und kunig zu Behem, uns geboten hat und zu uns dar umb
1051 945 5542 1049 den edeln hern Russen von Lutitz gesant hat, daz wir sinem erstgebornem sun, dem hochgeborn fursten, unserm herren herren Wentz¬
1027 1013 5502 1113 lawen hulden, geloben und sweren scholden, daz selb unsers herren gebote, haben wir mit getrewer gehorsam angesehen, als wir allzit
1039 1109 5530 1205 nach sinem willen und gebote tun wellen getrewlich und unverdrozzenlich, nach aller unserr macht und da von haben wir fur
1031 1193 5526 1288 uns, unser erben und nachkomen mit wolbedachtem mut, mit gantzem rat, mit rechter wizzen und mit guten willen zu einem
1035 1273 5574 1393 rehten pfande, als wir von dem heiligen Romischen reich gein Behem versetzt sein, und als wir dem obgenanten unserm herren, kunig
1051 1357 5554 1485 Kareln, unser brif dar uber vormals geben haben, des selben unsers herren, erstgebornem sun, unserm vorbenanten herren herren Wentz¬
1059 1433 5506 1545 lawen gehuldet, gelobt und gesworn hulden, geloben und sweren mit der bescheidenheit, ob sins vorgenanten vater unsers
1055 1513 5534 1629 herren herren KareIs niht wer des Got niht welle dem selben unserm jungen herren herren Wentzlawen, und die weil er zu
1075 1601 5522 1729 sinen jaren der vernunft niht komen ist, sinem furmunde und pfleger an siner stat oder ob sein niht wer, sinem eldsten
1051 1685 5538 1813 bruder, dar nach mit guten trewen on geverde, getrewe, gehorsam und untertenich zu sein, als unserm rehten herren zu aller zit
1047 1773 5570 1901 in der vorbeschriben weis, als wir uns gein, unserm oftgenanten herren herren Kareln mit hulden, aiden, gelubden und brifen
1063 1837 5586 1974 emals verbunden und verstrickt haben. Mit urkunde ditzs brifs, versigelt mit unser stat insigel, der geben ist zu Eger, do
1043 1925 5554 2058 man zalt von Cristus geburte dreuczehenhundert jar dar nach in dem funfczigstem jar des nehsten donerstags
1043 1994 3149 2126 nach send Bartholomeus, des heiligen zwelfboten tag.
