6956 6206
921 491 4383 775 Wir Baldewin von Gots gnaden erczbisschof zu Triere, dez heiligen romischen riches durch daz kunigrich von
978 774 4374 868 Arle und durch Welschelant ertzcanceler, bekennen offenlich mit diesem brieve und tun kunt allen, den
994 875 4368 963 die in sehent odir horent lesen, wann die hochgeboren fursten, her Ruprecht der Eldiste und her Ruprecht
984 970 4348 1065 der Jungiste palanczgreve bei dem Ryne und herczogen in Beiern, unsere lieben neven und getrewen, mit
974 1080 4399 1178 wolbedachtem mude, mit rade irer frunde und auch mit rechter wiszen dem allerdurchluchtigsten fursten
968 1182 4440 1287 und herren, hern Karle romischem kunige zu allen ziden merer des riches und kunige zu Beheim, als eynem
1008 1284 4400 1393 kunige zu Beheim, sinen erben und nachkomen, kunigen zu Beheim, und der cronen des selben kungrichs
998 1392 4408 1496 die nageschrieben vesten Hoenstein und die merkte Hersbrucke und Aurbach, die von dem heilgen reiche
1000 1492 4486 1604 lehen sint, mit allen rechten, herscheften, nuczen und zugehorungen, wie man die benennen mag, zu rech¬
999 1587 4408 1720 tem erbelehen recht und redelich verkauft haben in aller der maze, als die obgenannten vesten und merkte
1005 1693 4390 1829 mit iren zugehorungen nach dode seliger gedechtnisze dez hochgeboren fursten hern Rudolphs, etwenne
999 1810 4434 1945 palentzgraven by dem Ryne und herczogen in Beiern, uff sie vervallen waren, als in briven, die uber
985 1914 4445 2068 den selben kauf gemachet sint, volkomelich ist begreffin, des han wir angesehen die luter begerung der obgenanten
991 2028 4399 2175 palenczgreven, unserr neven, und auch die stede truwe, domit die hogeboren kunige von Beheim daz
1017 2147 4429 2289 heilge riche allewege gemeinet haben, und geben darczu unsern willen und gunst und bestedigen und ap¬
1005 2263 4397 2403 probyren den selben kauff mit wolbedachtem mude und mit rechter wizze in alle der maze, als in den
1009 2371 4415 2515 kaufbrieven begriffen ist, als ein ertzbisschof zu Triere und ein kurfurste des des heilgen romischen
1025 2483 4411 2634 riches. Des zu urkunde han wir unser ingesigel an diesen brieff dun henken, der gegeben ist zu Mentze
1037 2598 4417 2754 na Crists geburt drutzen hundert jar, darnach in dem dru und funftzigstem jare nach gewonheid
1038 2740 4177 2875 unsers stiftes zu Triere, an dem nehsten mitwochen nach der heiligen drier kunige dage.
