3000 2955
355 233 2143 376 Notum sit omnibus Christi fidelibus tam presentibus quam futuris, quod ego Volricus, Drizlai filius,
365 371 2109 460 predium meum nomine Loman cum attinenciis suis trans mare in periculo mortis
360 469 2172 558 positus, divino instinctu fratribus in Plaz domino Deo famulantibus pro remedio anime mee
356 563 2161 647 parentumque meorum contulerim. Hanc itaque donationem et cetera negocia mea Marquardo fi¬
352 645 2177 736 deli socio meo pro Dei amore filiis ac fratruelibus ceterisque propinquis et amicis meis manifestan¬
346 733 2131 822 dum conmisi. Hoc autem si quis infringere temptaverit, indulgentiam peccatorum meorum se
359 821 2139 915 impedisse noverit. Eapropter rogo vos omnes precibus, quibus valeo, quatinus tam pro vestra quam
351 912 2161 1001 pro mea salute elemosinas meas iure perpetuo confirmetis. Hec a Marquardo, Vitco¬
358 1004 2131 1093 ne, Hermanno, Pribizlao filii et fratrueles ceterique fideles beate memorie Volrici
354 1094 2149 1176 audientes coram glorioso duce domino Primuzelone ac venerabili episcopo domino H. confirmaverunt
356 1188 2165 1268 et testes adhibuerunt. Hii autem sunt testes: dominus dux Primuzel, dominus episcopus H., Ratibor iu¬
376 1280 2149 1361 dex curie, Grabis camerarius, Hermannus Marquardi filius, Zbramir, Dirsizlaus, Ruzo,
375 1369 2159 1445 Mutin, Hoier, Zmil, Bleh, Marquart, Otto de Wrscan, lan iudex Bilzinen¬
366 1452 2147 1532 sis, Pribizlaus Cozche filius, Vitec, Lutbor, Otezlau, Martin Oztre filius, Boguz¬
376 1548 2125 1632 laus, Stibor de Kis, Ian frater Golas, Bertoldus, Naschepulc, Petrus, Thimo, lan de
376 1636 2103 1721 Natuniz, Hermannus Wilhelmi filius, Bogual, Ernest, Diwis, Budiwoi, Bernart,
375 1725 2151 1806 Pribizlau, Bun, Purkos, Marquart et fratres sui, Zbis, Cunrat filius Sturm, Florianus can¬
369 1814 2153 1901 celarius, Rabodo scriba. Hec autem acta sunt anno Dominice incarnationis millesimo cente¬
364 1907 956 1975 simo XCoIIo indictione Xa.
