8415 6166
1903 1483 6167 1942 Wir Albrecht von Gots gnaden pfalenczgraf bei Rein und herczogen zu Beyern bekennen und tun kunt offenlich mit diesem brief
2007 1922 6096 2041 allen den die yn sehen odir lesen, das wir mit wolbedachtem mut und mit rat unser getruwen und ouch mit rechter wize
1996 2005 6162 2132 vor uns, unsir erben und nakomen eweclich uns verczigen haben und verczihen aller der recht, anredung und ansprach, ob wir dheine
2022 2117 6198 2213 gehabt haben und haben odir gehaben mochten in kunftigen ziten zu den landen zu Budissin und zu Gorlicz und zu den steten Luban,
1988 2202 6174 2298 Lubaw, Camencz und andern steten, lehenen, mannen, manscheften, weipilden und kreizz, die dar zu geherent geistlich und werntlich
2008 2285 6095 2379 und bei namen zu den edilen herren von Pack, von Saraw und zu dem lande zu Sarow und zu den herren von Hackenborn und irer
2024 2368 6190 2465 herschafft und ir aller erben und nakomen eweclich, und was doselbes der allerdurchluchtigiste furst, unser gnediger herre herr Karl,
2004 2458 6182 2554 romischir keisir, zu allen zeiten merer des richs und kunig zu Beheim, innehat und die hochgeborn fursten und herren her Johan,
2009 2544 6125 2655 eczwan kunig zu Beheim, sein vatter seliger und her Heinrich, weilent hertzog zu dem Jauwir, unsir oheim seliger, innegehabt
2015 2634 6180 2724 und besezzen haben und globen mit guten truwen ane geverde vor uns, unsir erben und nakomen mit gesworn eide, dem wir dor¬
1979 2707 6180 2805 uber zu den heiligen getan haben, das wir dem vorgenanten unsirm lieben genedigem herren sinen erben und nakomen kunigen zu Beheim
2014 2820 6105 2893 an dem vorgenanten lande Budissin, Gerlicz und den steten Luban, Lubow, Camencz und andern steten, lehenen, mannen, manscheften,
2008 2906 6117 2979 weipilden, kreizzen und allen zugeherungen, geistlichen und werntlichen und beinamen an den vorgenanten edilen herren von Pack, von
2019 3001 6178 3067 Sarow und von Hackenburn, iren erben und nachkomen und aller zugeherung, nicht hindern bescheitigen ansprechen noch becrudin
2007 3083 6223 3160 wollen und geloben mit guten truwen an geverde und mit dem vorgenanten gesworen eide, das wir nach den vorgenanten landen, herren, steten,
2019 3178 6103 3246 mannen, manscheften und allen zugeherungen als vor geschriben stet nymmer gesten enwollen noch sollen mit ansprach anredunge
2023 3263 6170 3336 noch mit dheinen sachen geistlich odir werntlich, wie man die genennen mag ez sollen, auch alle briefe und hantfesten, die wir von unsirm
1979 3358 6166 3434 vater seligen odir von ymand andirs, doruber haben unkreftig, untugelich und allir sachen abesein und dem vorgenanten unsirm gnedigem
1979 3446 6136 3524 herren, sinen erben und nakomen kunigen zu Beheim keinen schaden bringen, wan wir uns mit wolbedachtem mut und mit gutem
1988 3530 6104 3620 rat verzigen haben und verczihen genczlich vor uns, unsir erben und nakomen eweclichen, aller derselben hantfesten und brife, ob die¬
1980 3620 6074 3721 heine zu lichte quemen odir furbracht worden. Mit urkunt ditz brifes, versigilt mit unserm insigel geben, zu Prage nach Gots
2015 3708 6007 3818 geburte drutzenhundirt jar und darnach in dem acht und funfzigistem jar, am nehisten dinstag nach dem heiligen jars tag.
5359 4095 5869 4181 super Budissim
5375 4182 5712 4252 et Gorlicz
