7069 5825
733 383 4658 561 Wir lantgraf Ulreich von Leukkenberch veriehen und tun chunt allen den, die disen brief sehent oder
965 556 4648 659 horent lesen, daz wir gelobt, gehaizzen haben und rechte purge sein worden, des edeln fursten, hertzogen Ha¬
979 667 4535 771 inreichs von Chernden und grafen von Tyrol und von Görtz gen im und gen allen seinen erben, es sein
989 770 4560 878 sun oder töchter umb viertzick tausent march silbers prager gewigdes fur unsern lieben herren und hoch¬
955 882 4573 985 geborn fursten, chunich Johan von Behem und von Polan und graven ze Luczelburch, der selben phenning
981 994 4580 1107 gevallent im zehen tansent march zu unsers herren mümen, dar nach gevallent im zweintzick tau¬
1008 1092 4526 1205 sent march silbers des selben gewigdes fur die haimstiur chunigine frowen Annen, seiner wirtinn,
1017 1192 4541 1307 der Got genad dar nach gevallent im zehen tausent march silbers prager munzze fur den spruch, den im
1016 1293 4506 1412 der wirdige herre pischof Hainreich von Triend und der hochgeborn fürst, herczog Hainreich von Bayrn
977 1389 4480 1514 und pfallentz graf zu Reyn hin zu gesprochen habent, als die hantvest sprechent, di unser paide herren
1049 1488 4522 1627 gen ein ander dar umbe gehen habent, der summe bringet also viertzick tausent march prager
1033 1587 4590 1728 munzze der vorgenanten pfenning, sulnt im gevallen uf sand Mychhelstag, der schierst chumt fumf tau¬
1038 1690 4562 1837 sent march, dar nach aber von demselben sand Mychhels tag uber ein jar zehen tausent march, dar nach
1042 1807 4519 1936 aber von dem selben sand Mychhels tag uber jar zehen tausent march, dar nach aber von dem selben
1003 1904 4505 2025 sand Mychhels tag uber ein jar zehen tausent march. Dar nach aber von dem selben sand Mychelstag
984 1996 4547 2152 uber ein jar fumf tansent march, daz werden also viertzick tausent march. Mit so getanem gedinge
1010 2096 4509 2262 zu swelcher frist man im oder seinen erben, der vorgenannten pfenning nicht gaebe, so hat er oder sein erben
1026 2199 4502 2367 gewalt uns, zemanen nach der frist, und sullen danne nach der manung mit unser selbes leibe in den naechsten
1021 2299 4494 2466 viertzehen tagen nach der manung varen gen Regenspurch in die stat, und sullen da laisten in geisels¬
1070 2403 4476 2567 weise, und nimmer auz chomen, als lange uncz daz im widerchert, wirt der pruch, der im an der gulde der
1056 2508 4462 2673 pfenning wider varen ist, und sullen auch als lang laisten uncz, daz er oder sein erben der pfenning gar
1036 2610 4504 2782 und gantzleich gewert werdent. Dar an in pruche geschehen sint, waer auch daz wir selber nicht mochten
1061 2717 4444 2879 oder wolten laisten, so sullen wir zwen erber, ritter, an unser stat in di laistung legen und sullen, di
1053 2822 4448 2981 laisten in allem dem rechten als wir selber. Wir sullen auch auz der laistung oder die vorgenannten unser
1063 2924 4472 3105 ritter nimmer chomen. Ez gevalle e, daz gut allez, da pruche an geschehen waren gen Regenspurch
1075 3041 4414 3220 in di stat, wa er oder sein erben oder ir gewisse poten, si hin schaffen ze geben und ze antwurten.
982 3156 4444 3331 Die vorgeschribene sache loben wir staete ze haben, bi unsern trewen an aydes stat, und als wir zu den
1077 3273 4494 3441 hayligen sweren sullen und geben, dar uber disen brief, versigelt mit unserm insigel zu einem urchunde
1073 3383 4404 3555 der warhait, der ist gegeben ze Brunne nach Christes gepurt dreutzehenhundert jar, dar¬
1046 3505 4536 3671 nach in dem acht und zwaintzigistem jare des Pfintztages nach unser Froven tag, als si zu hy¬
1040 3688 1541 3794 mel fur.
