6577 4622
396 829 4813 1779 Ich Leupold von Gots gnaden erwelt und bestetiget zu Babemberch bekennen offenlich an disem brif, daz ich durch genaden,
653 1250 4778 1343 gunst und furderung, di der allerdurchleuchtigst furst und herr her Karl von Gots gnaden romischer kunig, zu allen zeiten merer
656 1360 4784 1457 dez reichs und kunig zu Beheim, mein genediger herre, an mich und mein stift offt geleit erzuget und getan hat, und auch
642 1469 4802 1583 von sinen kuniglichen gnaden furbas mer tun mag, so gelob ich und han gelobt pey meinen trewen und eyde, den ich darumb
652 1594 4775 1721 gen den heiligen getan han, dem vorgenanten meinem herren dem kunig Karl beystendig geraten und beholfen ze sein mit meinem leib,
646 1702 4785 1840 vesten, landen, mannen und luten wider allermeniclich, niemand usgenomen, nach meiner macht, die weil der vorgenant mein
658 1819 4806 1950 herre, der kunig Karl und ich leben on all arg list und geverde. Und dez zu urkund gebe ich im disen brif, besigelten mit meinem
649 1929 4835 2086 insigel, daz daran hanget, der geben ist zu Nuremberg, do man zalt von Cristus geburt drutzehenhundert jar, und darnach
669 2044 4289 2188 in dem dreu und funftzigsten jar dez nechsten montages nach unserr Frowen tag, als sye verscheiden ist.
