6925 5747
1182 724 4143 935 Wir Ludowig von Gots genaden marggrave ze Brandenburg und ze Lusitz, des heiligen
1235 913 4161 1043 romischen reichs oberster kamrer, pfallentzgrave bei Rein, hertzog in Beyern und in Kernten, grave ze
1223 1012 4225 1149 Tirol und ze Gortz und vogt der gotshauser Agley, Triend und Prihsen, bekennen und tun kunt
1249 1118 4177 1261 offenleichen mit disem brief, daz wir dem allerdurchluhtigsten fursten und herren, hern Karln ro¬
1249 1227 4187 1372 mischem kung ze allen zeiten merer des reichs und kung ze Peheim, unserm lieben genaedigen
1244 1309 4246 1480 herren, und dem hohgeborn fursten hern Johannen marggraven ze Maerhern, unserm oheim, iren erben und
1241 1433 4162 1592 nahkomen, kungen ze Peheim und marggraven ze Merhern, gelobt haben und geloben auch
1255 1548 4179 1707 fur uns, unser erben und nahkomen ewichleichen in guten trewen one geverde, daz wir in
1242 1656 4226 1826 iren landen und herscheften, wo si die habent, dhein vesten, stat oder gut kauffen noh
1222 1774 4228 1945 dheinen man, der in irem lande gesezzen sey, zu diener enphahen wellen oder sullen, es were
1201 1886 4317 2058 danne, daz si uns des mit gutem willen gunnen wolten. Und das selbe sullen die egenanten unser
1222 2000 4252 2173 herre der kunch, der marggrave ze Merhern, unser oheim, ir erben und nahkomen, kung
1254 2142 4225 2280 ze Peheim und marggrafen ze Merhern, gen uns, unsern erben und nahkomen, marggraven
1252 2253 4223 2388 ze Brandenburg und hertzogen in Beyern, grafen ze Tirol und ze Gortz, ze tun pflichtig
1249 2384 4158 2502 sein geleicher weis, als da vor begriffen ist. Mit urkund des briefs, der geben ist ze
1226 2503 4152 2620 Schultzpach nah Gots geburt driuzehen hundert jar und in dem vier und funfzigsten jare,
1240 2628 2212 2731 an sant Peters tag ad vincula.
