<?xml version="1.0" encoding="UTF-8" standalone="yes"?>
<PcGts xmlns="http://schema.primaresearch.org/PAGE/gts/pagecontent/2013-07-15" xmlns:xsi="http://www.w3.org/2001/XMLSchema-instance" xsi:schemaLocation="http://schema.primaresearch.org/PAGE/gts/pagecontent/2013-07-15 http://schema.primaresearch.org/PAGE/gts/pagecontent/2013-07-15/pagecontent.xsd">
    <Metadata>
        <Creator>prov=University of Rostock/Institute of Mathematics/CITlab/Tobias Gruening/tobias.gruening@uni-rostock.de:name=/net_tf/LA73_249_0mod360.pb:de.uros.citlab.segmentation.CITlab_LA_ML:v=2.3.1
TRP</Creator>
        <Created>2019-07-19T15:42:42.512+02:00</Created>
        <LastChange>2019-12-13T15:23:02.817+01:00</LastChange>
        <TranskribusMetadata docId="185461" pageId="7418491" pageNr="1" tsid="20858645" status="IN_PROGRESS" userId="38723" imgUrl="https://files.transkribus.eu/Get?id=SCKBJBIMDYKKISIICFMQMEVW&amp;fileType=view" xmlUrl="https://files.transkribus.eu/Get?id=VDJRCPMAXVUTTDQCHBGROVZK" imageId="4451326"/>
    </Metadata>
    <Page imageFilename="NA-ACK_13531105_00431_r.jpg" imageWidth="9311" imageHeight="6557">
        <ReadingOrder>
            <OrderedGroup id="ro_1579618032683" caption="Regions reading order">
                <RegionRefIndexed index="0" regionRef="r1"/>
            </OrderedGroup>
        </ReadingOrder>
        <TextRegion orientation="0.0" id="r1" custom="readingOrder {index:0;}">
            <Coords points="1066,816 1066,3234 5635,3234 5635,816"/>
            <TextLine id="r1l1" custom="readingOrder {index:0;} person {offset:4; length:81;} place {offset:58; length:4;} place {offset:79; length:6;}">
                <Coords points="1137,909 1359,906 1582,904 1804,902 2027,900 2250,899 2472,897 2695,896 2917,895 3140,894 3363,893 3585,892 3808,892 4030,891 4253,890 4476,888 4698,887 4921,885 5143,883 5366,881 5589,879 5589,816 5366,818 5143,820 4921,822 4698,824 4476,825 4253,827 4030,828 3808,829 3585,829 3363,830 3140,831 2917,832 2695,833 2472,834 2250,836 2027,837 1804,839 1582,841 1359,843 1137,846"/>
                <Baseline points="1137,888 1359,885 1582,883 1804,881 2027,879 2250,878 2472,876 2695,875 2917,874 3140,873 3363,872 3585,871 3808,871 4030,870 4253,869 4476,867 4698,866 4921,864 5143,862 5366,860 5589,858"/>
                <TextEquiv>
                    <Unicode>Wir Ruprecht der Jünger von Gots gnaden pfalenczgrafe bei Rein und herczoge in Peiern bekennen und tun kunt offenlich mit disem brieve allen den, die in sehen oder horen, lesen daz wir mit</Unicode>
                </TextEquiv>
            </TextLine>
            <TextLine id="r1l2" custom="readingOrder {index:1;} person {offset:115; length:77;} place {offset:186; length:6;}">
                <Coords points="1066,990 1292,990 1519,989 1745,988 1972,987 2198,985 2425,984 2651,983 2878,982 3104,981 3331,979 3557,978 3784,977 4010,976 4237,974 4463,973 4690,972 4916,971 5143,971 5369,970 5596,970 5596,907 5369,907 5143,908 4916,908 4690,909 4463,910 4237,911 4010,913 3784,914 3557,915 3331,916 3104,918 2878,919 2651,920 2425,921 2198,922 1972,924 1745,925 1519,926 1292,927 1066,927"/>
                <Baseline points="1066,969 1292,969 1519,968 1745,967 1972,966 2198,964 2425,963 2651,962 2878,961 3104,960 3331,958 3557,957 3784,956 4010,955 4237,953 4463,952 4690,951 4916,950 5143,950 5369,949 5596,949"/>
                <TextEquiv>
                    <Unicode>wolbedachtem mute, mit rate unser frunde und mit rechter wizzen dem allerdurchluchtigsten fursten und herren, hern Karl, romischem kunige, ze allen zeiten merer des reichs und kunige ze Beheim,</Unicode>
                </TextEquiv>
            </TextLine>
            <TextLine id="r1l3" custom="readingOrder {index:2;} place {offset:69; length:6;}">
                <Coords points="1107,1080 1332,1077 1557,1074 1783,1072 2008,1071 2234,1070 2459,1069 2684,1069 2910,1069 3135,1069 3361,1069 3586,1070 3811,1070 4037,1069 4262,1069 4488,1068 4713,1067 4938,1065 5164,1063 5389,1060 5615,1056 5615,992 5389,996 5164,999 4938,1001 4713,1003 4488,1004 4262,1005 4037,1005 3811,1006 3586,1006 3361,1005 3135,1005 2910,1005 2684,1005 2459,1005 2234,1006 2008,1007 1783,1008 1557,1010 1332,1013 1107,1016"/>
                <Baseline points="1107,1059 1332,1056 1557,1053 1783,1051 2008,1050 2234,1049 2459,1048 2684,1048 2910,1048 3135,1048 3361,1048 3586,1049 3811,1049 4037,1048 4262,1048 4488,1047 4713,1046 4938,1044 5164,1042 5389,1039 5615,1035"/>
                <TextEquiv>
                    <Unicode>unserm lieben gnedigen herren seinen erben und nachkomen, kunigen ze Beheim, und der cronen desselben kunigrichs erbelichen und ewiclichen umb tzwelf tusent mark lotiges silbers, domit er uns</Unicode>
                </TextEquiv>
            </TextLine>
            <TextLine id="r1l4" custom="readingOrder {index:3;} place {offset:26; length:7;} place {offset:88; length:9;} place {offset:99; length:10;} place {offset:111; length:6;} place {offset:122; length:12;}">
                <Coords points="1120,1172 1343,1168 1566,1165 1789,1162 2013,1161 2236,1160 2459,1159 2682,1159 2906,1159 3129,1159 3352,1159 3575,1159 3799,1160 4022,1160 4245,1159 4468,1159 4692,1158 4915,1156 5138,1153 5361,1150 5585,1146 5585,1082 5361,1086 5138,1089 4915,1092 4692,1094 4468,1095 4245,1095 4022,1096 3799,1096 3575,1095 3352,1095 3129,1095 2906,1095 2682,1095 2459,1095 2236,1096 2013,1097 1789,1098 1566,1101 1343,1104 1120,1108"/>
                <Baseline points="1120,1151 1343,1147 1566,1144 1789,1141 2013,1140 2236,1139 2459,1138 2682,1138 2906,1138 3129,1138 3352,1138 3575,1138 3799,1139 4022,1139 4245,1138 4468,1138 4692,1137 4915,1135 5138,1132 5361,1129 5585,1125"/>
                <TextEquiv>
                    <Unicode>uz unserm gevengnuzze von Sachsen gelediget und geloset hat, die nachgeschrieben vesten Nuwenstat, Sturnstein, Hirsaw und Lichtenstein und darnach umb tzwentzig tusent marck lotiges silbers, die er</Unicode>
                </TextEquiv>
            </TextLine>
            <TextLine id="r1l5" custom="readingOrder {index:4;} person {offset:54; length:63;} place {offset:89; length:4;} place {offset:111; length:6;}">
                <Coords points="1115,1263 1338,1261 1562,1259 1785,1258 2009,1257 2232,1256 2456,1255 2679,1255 2903,1254 3126,1254 3350,1253 3573,1253 3797,1252 4020,1251 4244,1250 4467,1249 4691,1248 4914,1247 5138,1245 5361,1243 5585,1241 5585,1177 5361,1179 5138,1181 4914,1183 4691,1184 4467,1185 4244,1186 4020,1187 3797,1188 3573,1189 3350,1189 3126,1190 2903,1190 2679,1191 2456,1191 2232,1192 2009,1193 1785,1194 1562,1195 1338,1197 1115,1199"/>
                <Baseline points="1115,1242 1338,1240 1562,1238 1785,1237 2009,1236 2232,1235 2456,1234 2679,1234 2903,1233 3126,1233 3350,1232 3573,1232 3797,1231 4020,1230 4244,1229 4467,1228 4691,1227 4914,1226 5138,1224 5361,1222 5585,1220"/>
                <TextEquiv>
                    <Unicode>auff seliger gedechtnuzze den hochgeborn fursten hern Rudolfen etwenn pfalentzgrafen bei Rein und hertzogen in Peiern, unsern lieben vettern uns wizzentlich gewendit und yme gelihen hait, die nachge¬</Unicode>
                </TextEquiv>
            </TextLine>
            <TextLine id="r1l6" custom="readingOrder {index:5;} place {offset:36; length:9;} place {offset:47; length:9;} place {offset:58; length:11;} place {offset:71; length:8;} place {offset:81; length:10;} place {offset:93; length:13;} place {offset:108; length:9;} place {offset:119; length:11;} place {offset:132; length:11;} place {offset:145; length:7;} place {offset:154; length:10;} place {offset:166; length:10;} place {offset:178; length:7;} place {offset:187; length:6;} place {offset:195; length:7;}">
                <Coords points="1137,1351 1359,1352 1581,1353 1803,1354 2026,1355 2248,1356 2470,1357 2693,1358 2915,1358 3137,1359 3360,1359 3582,1359 3804,1359 4026,1358 4249,1357 4471,1356 4693,1354 4916,1352 5138,1350 5360,1346 5583,1342 5583,1278 5360,1282 5138,1286 4916,1288 4693,1290 4471,1292 4249,1293 4026,1294 3804,1295 3582,1295 3360,1295 3137,1295 2915,1294 2693,1294 2470,1293 2248,1292 2026,1291 1803,1290 1581,1289 1359,1288 1137,1287"/>
                <Baseline points="1137,1330 1359,1331 1581,1332 1803,1333 2026,1334 2248,1335 2470,1336 2693,1337 2915,1337 3137,1338 3360,1338 3582,1338 3804,1338 4026,1337 4249,1336 4471,1335 4693,1333 4916,1331 5138,1329 5360,1325 5583,1321"/>
                <TextEquiv>
                    <Unicode>schrieben vesten, stete, und merkte Sultzbach, Rosemberg, Hirtenstein, Nydstein, Turrendorf, Hiltpoltstein, Hoenstein, Lichtenecke, Frankenberg, Lauffen, Eschembach, Hersbrücke, Awrbach, Velden, Begnitz und daz</Unicode>
                </TextEquiv>
            </TextLine>
            <TextLine id="r1l7" custom="readingOrder {index:6;} place {offset:0; length:5;} place {offset:50; length:6;}">
                <Coords points="1124,1443 1349,1445 1574,1447 1800,1449 2025,1452 2251,1454 2476,1457 2701,1458 2927,1460 3152,1462 3378,1464 3603,1465 3828,1466 4054,1466 4279,1466 4505,1466 4730,1465 4955,1464 5181,1462 5406,1459 5632,1456 5632,1392 5406,1395 5181,1398 4955,1400 4730,1401 4505,1402 4279,1402 4054,1402 3828,1402 3603,1401 3378,1400 3152,1398 2927,1396 2701,1394 2476,1393 2251,1390 2025,1388 1800,1385 1574,1383 1349,1381 1124,1379"/>
                <Baseline points="1124,1422 1349,1424 1574,1426 1800,1428 2025,1431 2251,1433 2476,1436 2701,1437 2927,1439 3152,1441 3378,1443 3603,1444 3828,1445 4054,1445 4279,1445 4505,1445 4730,1444 4955,1443 5181,1441 5406,1438 5632,1435"/>
                <TextEquiv>
                    <Unicode>Plech und alles, daz unser vetter der egenante ze Peiern ingehabt und besezzen hat, mit allen dorfen, leuten, herschefften, guten, gerichten, bennen, tzollen, geleiten, vorsten, wiltpennen, gulten, zin¬</Unicode>
                </TextEquiv>
            </TextLine>
            <TextLine id="r1l8" custom="readingOrder {index:7;}">
                <Coords points="1122,1536 1347,1537 1572,1539 1797,1541 2022,1543 2248,1545 2473,1548 2698,1550 2923,1553 3148,1555 3374,1558 3599,1560 3824,1562 4049,1563 4274,1564 4500,1564 4725,1564 4950,1563 5175,1561 5400,1558 5626,1554 5626,1491 5400,1495 5175,1498 4950,1500 4725,1501 4500,1501 4274,1501 4049,1500 3824,1499 3599,1497 3374,1495 3148,1492 2923,1490 2698,1487 2473,1485 2248,1482 2022,1480 1797,1478 1572,1476 1347,1474 1122,1473"/>
                <Baseline points="1122,1515 1347,1516 1572,1518 1797,1520 2022,1522 2248,1524 2473,1527 2698,1529 2923,1532 3148,1534 3374,1537 3599,1539 3824,1541 4049,1542 4274,1543 4500,1543 4725,1543 4950,1542 5175,1540 5400,1537 5626,1533"/>
                <TextEquiv>
                    <Unicode>sen, nutzen, vellen, welden, puschen, geiageden, vogelweiden, wiesen, weiden, wazzern, mülen, wazzerleuften, teichen, vischerien, bergen, grunden, slichten, gemirken, kreizzen, weichpilden und allen nutzen</Unicode>
                </TextEquiv>
            </TextLine>
            <TextLine id="r1l9" custom="readingOrder {index:8;}">
                <Coords points="1128,1622 1352,1625 1577,1627 1802,1630 2027,1633 2252,1636 2476,1639 2701,1642 2926,1645 3151,1648 3376,1650 3600,1653 3825,1655 4050,1657 4275,1659 4500,1660 4724,1661 4949,1661 5174,1661 5399,1660 5624,1659 5624,1596 5399,1597 5174,1598 4949,1598 4724,1598 4500,1597 4275,1596 4050,1594 3825,1592 3600,1590 3376,1587 3151,1585 2926,1582 2701,1579 2476,1576 2252,1573 2027,1570 1802,1567 1577,1564 1352,1562 1128,1559"/>
                <Baseline points="1128,1601 1352,1604 1577,1606 1802,1609 2027,1612 2252,1615 2476,1618 2701,1621 2926,1624 3151,1627 3376,1629 3600,1632 3825,1634 4050,1636 4275,1638 4500,1639 4724,1640 4949,1640 5174,1640 5399,1639 5624,1638"/>
                <TextEquiv>
                    <Unicode>ob und under der erden, wie man die genennen mag, und auch mit rittern, knechten, mannen, manschefften, lehen, lehenschefften, verlehenten guten, kirchlehen und gotsgaben, dienern, eigenen leuten, pfant¬</Unicode>
                </TextEquiv>
            </TextLine>
            <TextLine id="r1l10" custom="readingOrder {index:9;}">
                <Coords points="1134,1723 1357,1723 1580,1724 1803,1726 2026,1728 2249,1731 2472,1734 2695,1737 2918,1741 3141,1744 3364,1749 3587,1752 3810,1756 4033,1760 4256,1763 4479,1766 4702,1768 4925,1770 5148,1771 5371,1771 5594,1771 5594,1707 5371,1707 5148,1707 4925,1706 4702,1704 4479,1702 4256,1699 4033,1696 3810,1692 3587,1688 3364,1685 3141,1680 2918,1677 2695,1673 2472,1670 2249,1667 2026,1664 1803,1662 1580,1660 1357,1659 1134,1659"/>
                <Baseline points="1134,1702 1357,1702 1580,1703 1803,1705 2026,1707 2249,1710 2472,1713 2695,1716 2918,1720 3141,1723 3364,1728 3587,1731 3810,1735 4033,1739 4256,1742 4479,1745 4702,1747 4925,1749 5148,1750 5371,1750 5594,1750"/>
                <TextEquiv>
                    <Unicode>schefften von dem reiche oder sust von ymanden anders und allen zugehorungen, erbe und eygen, als iz gelegen ist, pfantschafft fur pfantschafft, recht und redelich verkauft haben in aller der maze, als</Unicode>
                </TextEquiv>
            </TextLine>
            <TextLine id="r1l11" custom="readingOrder {index:10;}">
                <Coords points="1123,1820 1346,1821 1569,1823 1793,1825 2016,1827 2240,1829 2463,1832 2687,1835 2910,1839 3134,1842 3357,1845 3580,1849 3804,1852 4027,1856 4251,1859 4474,1862 4698,1865 4921,1867 5145,1869 5368,1871 5592,1872 5592,1808 5368,1807 5145,1805 4921,1803 4698,1801 4474,1798 4251,1795 4027,1792 3804,1788 3580,1785 3357,1781 3134,1778 2910,1775 2687,1771 2463,1768 2240,1765 2016,1763 1793,1761 1569,1759 1346,1757 1123,1756"/>
                <Baseline points="1123,1799 1346,1800 1569,1802 1793,1804 2016,1806 2240,1808 2463,1811 2687,1814 2910,1818 3134,1821 3357,1824 3580,1828 3804,1831 4027,1835 4251,1838 4474,1841 4698,1844 4921,1846 5145,1848 5368,1850 5592,1851"/>
                <TextEquiv>
                    <Unicode>sei der obgenant unser vetter selige inngehabt und besezzen hat, und als sie von seinem tode auf uns erbeclichen verfallen waren, und vertzihen uns fur uns, unser erben und nachkomen eweclichen</Unicode>
                </TextEquiv>
            </TextLine>
            <TextLine id="r1l12" custom="readingOrder {index:11;}">
                <Coords points="1131,1912 1355,1915 1579,1918 1803,1920 2027,1923 2252,1926 2476,1929 2700,1932 2924,1935 3148,1938 3373,1941 3597,1944 3821,1948 4045,1951 4269,1955 4494,1959 4718,1962 4942,1967 5166,1971 5390,1976 5615,1981 5615,1917 5390,1912 5166,1907 4942,1903 4718,1898 4494,1895 4269,1891 4045,1887 3821,1884 3597,1880 3373,1877 3148,1874 2924,1871 2700,1868 2476,1865 2252,1862 2027,1859 1803,1856 1579,1854 1355,1851 1131,1848"/>
                <Baseline points="1131,1891 1355,1894 1579,1897 1803,1899 2027,1902 2252,1905 2476,1908 2700,1911 2924,1914 3148,1917 3373,1920 3597,1923 3821,1927 4045,1930 4269,1934 4494,1938 4718,1941 4942,1946 5166,1950 5390,1955 5615,1960"/>
                <TextEquiv>
                    <Unicode>allez rechten, ansprache und anredunge die wir zu den obgenanten vesten, steten, merkten und allen zugehorungen, als sei dovor begriffen seint, gehabt haben haben, oder gehaben muchten in dheine</Unicode>
                </TextEquiv>
            </TextLine>
            <TextLine id="r1l13" custom="readingOrder {index:12;}">
                <Coords points="1128,1999 1352,2003 1576,2006 1800,2009 2025,2012 2249,2016 2473,2020 2697,2024 2922,2028 3146,2031 3370,2035 3594,2039 3819,2043 4043,2047 4267,2052 4491,2056 4716,2060 4940,2064 5164,2068 5388,2072 5613,2076 5613,2012 5388,2008 5164,2004 4940,2000 4716,1996 4491,1992 4267,1988 4043,1983 3819,1979 3594,1975 3370,1971 3146,1967 2922,1964 2697,1960 2473,1956 2249,1952 2025,1948 1800,1945 1576,1942 1352,1939 1128,1935"/>
                <Baseline points="1128,1978 1352,1982 1576,1985 1800,1988 2025,1991 2249,1995 2473,1999 2697,2003 2922,2007 3146,2010 3370,2014 3594,2018 3819,2022 4043,2026 4267,2031 4491,2035 4716,2039 4940,2043 5164,2047 5388,2051 5613,2055"/>
                <TextEquiv>
                    <Unicode>weis, und vertzeihen uns auch aller hilfe geistlichs und werentlichs rechten und aller gesecze keiserlicher und babstlicher büche, der lande gewonheit und aller ubunge und behaltnuzz, domit</Unicode>
                </TextEquiv>
            </TextLine>
            <TextLine id="r1l14" custom="readingOrder {index:13;}">
                <Coords points="1128,2086 1351,2090 1574,2094 1798,2098 2021,2102 2245,2105 2468,2109 2691,2113 2915,2118 3138,2122 3362,2126 3585,2131 3808,2135 4032,2139 4255,2144 4479,2148 4702,2153 4925,2158 5149,2162 5372,2167 5596,2172 5596,2108 5372,2103 5149,2098 4925,2094 4702,2089 4479,2084 4255,2080 4032,2075 3808,2071 3585,2067 3362,2062 3138,2058 2915,2054 2691,2049 2468,2045 2245,2041 2021,2038 1798,2034 1574,2030 1351,2026 1128,2022"/>
                <Baseline points="1128,2065 1351,2069 1574,2073 1798,2077 2021,2081 2245,2084 2468,2088 2691,2092 2915,2097 3138,2101 3362,2105 3585,2110 3808,2114 4032,2118 4255,2123 4479,2127 4702,2132 4925,2137 5149,2141 5372,2146 5596,2151"/>
                <TextEquiv>
                    <Unicode>dieser kauff muchte in dheine weiz gehindert werden, und meynen, daz wir, unser erben und nachkomen uns domit nymer in dheinen zeiten mit dem rechten oder mit der tat, mit worten</Unicode>
                </TextEquiv>
            </TextLine>
            <TextLine id="r1l15" custom="readingOrder {index:14;}">
                <Coords points="1122,2176 1347,2180 1573,2184 1798,2188 2024,2192 2250,2196 2475,2200 2701,2204 2927,2208 3152,2212 3378,2216 3604,2221 3829,2226 4055,2230 4281,2234 4506,2239 4732,2244 4958,2249 5183,2254 5409,2259 5635,2264 5635,2200 5409,2195 5183,2190 4958,2185 4732,2180 4506,2175 4281,2170 4055,2166 3829,2162 3604,2157 3378,2152 3152,2148 2927,2144 2701,2140 2475,2136 2250,2132 2024,2128 1798,2124 1573,2120 1347,2116 1122,2112"/>
                <Baseline points="1122,2155 1347,2159 1573,2163 1798,2167 2024,2171 2250,2175 2475,2179 2701,2183 2927,2187 3152,2191 3378,2195 3604,2200 3829,2205 4055,2209 4281,2213 4506,2218 4732,2223 4958,2228 5183,2233 5409,2238 5635,2243"/>
                <TextEquiv>
                    <Unicode>oder werken behelfen sullen oder wullen. Auch geloben wir mit guten truwen angewerde vor uns, unser erben und nachkomen dem obgenanten unserm herren dem kunige seinen erben und nachkomen,</Unicode>
                </TextEquiv>
            </TextLine>
            <TextLine id="r1l16" custom="readingOrder {index:15;} place {offset:11; length:6;}">
                <Coords points="1136,2269 1358,2271 1581,2275 1804,2278 2027,2281 2249,2285 2472,2288 2695,2292 2918,2296 3140,2300 3363,2304 3586,2309 3809,2313 4031,2318 4254,2323 4477,2327 4700,2332 4922,2338 5145,2343 5368,2349 5591,2354 5591,2293 5368,2288 5145,2282 4922,2277 4700,2271 4477,2266 4254,2262 4031,2257 3809,2252 3586,2248 3363,2243 3140,2239 2918,2235 2695,2231 2472,2227 2249,2224 2027,2220 1804,2217 1581,2214 1358,2210 1136,2208"/>
                <Baseline points="1136,2249 1358,2251 1581,2255 1804,2258 2027,2261 2249,2265 2472,2268 2695,2272 2918,2276 3140,2280 3363,2284 3586,2289 3809,2293 4031,2298 4254,2303 4477,2307 4700,2312 4922,2318 5145,2323 5368,2329 5591,2334"/>
                <TextEquiv>
                    <Unicode>kunigen ze Beheim, daz wir in und der cronen desselben kunigrichs alle die obgenanten vesten, stete, merkte und zugehorungen, als sie dovor begriffen sint, versprechen und entwerren sullen</Unicode>
                </TextEquiv>
            </TextLine>
            <TextLine id="r1l17" custom="readingOrder {index:16;} person {offset:31; length:16;} person {offset:94; length:82; continued:true;}">
                <Coords points="1128,2356 1352,2357 1576,2359 1800,2362 2024,2365 2249,2369 2473,2373 2697,2377 2921,2382 3145,2387 3370,2393 3594,2399 3818,2404 4042,2410 4266,2415 4491,2421 4715,2426 4939,2431 5163,2436 5387,2440 5612,2444 5612,2383 5387,2379 5163,2375 4939,2370 4715,2365 4491,2360 4266,2354 4042,2349 3818,2343 3594,2338 3370,2332 3145,2326 2921,2321 2697,2316 2473,2312 2249,2308 2024,2304 1800,2301 1576,2298 1352,2296 1128,2295"/>
                <Baseline points="1128,2336 1352,2337 1576,2339 1800,2342 2024,2345 2249,2349 2473,2353 2697,2357 2921,2362 3145,2367 3370,2373 3594,2379 3818,2384 4042,2390 4266,2395 4491,2401 4715,2406 4939,2411 5163,2416 5387,2420 5612,2424"/>
                <TextEquiv>
                    <Unicode>und wullen fur unsern vettern, keiser Ludowigis seligen kinderen, den hochgeborn fursten hern Ruprechten den Elterm, dez Heiligen reichs obristern truchtsezzen und herczogen in</Unicode>
                </TextEquiv>
            </TextLine>
            <TextLine id="r1l18" custom="readingOrder {index:17;} person {offset:0; length:6; continued:true;} place {offset:0; length:6;}">
                <Coords points="1114,2451 1338,2451 1563,2452 1787,2453 2012,2455 2236,2458 2461,2461 2685,2465 2910,2469 3134,2473 3359,2478 3584,2483 3808,2488 4033,2493 4257,2499 4482,2504 4706,2510 4931,2515 5155,2521 5380,2526 5605,2532 5605,2471 5380,2465 5155,2460 4931,2454 4706,2449 4482,2443 4257,2438 4033,2432 3808,2427 3584,2422 3359,2417 3134,2412 2910,2408 2685,2404 2461,2400 2236,2397 2012,2394 1787,2392 1563,2391 1338,2390 1114,2390"/>
                <Baseline points="1114,2431 1338,2431 1563,2432 1787,2433 2012,2435 2236,2438 2461,2441 2685,2445 2910,2449 3134,2453 3359,2458 3584,2463 3808,2468 4033,2473 4257,2479 4482,2484 4706,2490 4931,2495 5155,2501 5380,2506 5605,2512"/>
                <TextEquiv>
                    <Unicode>Peiern, und fur allermenlich und fur alle ansprache eyns iglichen, wie der genennet sii, als in den landen recht und gewonlich ist. Und zu merer sicherheit haben wir gebeten die erwidigen fursten</Unicode>
                </TextEquiv>
            </TextLine>
            <TextLine id="r1l19" custom="readingOrder {index:18;} person {offset:17; length:31;} place {offset:42; length:6;} person {offset:55; length:21;} place {offset:67; length:9;} person {offset:83; length:37;} place {offset:95; length:10;} person {offset:154; length:31;} place {offset:176; length:9;}">
                <Coords points="1145,2536 1368,2536 1592,2537 1815,2539 2039,2541 2262,2543 2486,2547 2709,2550 2933,2554 3156,2558 3380,2562 3604,2567 3827,2572 4051,2577 4274,2582 4498,2588 4721,2593 4945,2599 5168,2604 5392,2609 5616,2615 5616,2555 5392,2549 5168,2544 4945,2539 4721,2533 4498,2528 4274,2522 4051,2517 3827,2512 3604,2507 3380,2502 3156,2498 2933,2494 2709,2490 2486,2487 2262,2483 2039,2481 1815,2479 1592,2477 1368,2476 1145,2476"/>
                <Baseline points="1145,2516 1368,2516 1592,2517 1815,2519 2039,2521 2262,2523 2486,2527 2709,2530 2933,2534 3156,2538 3380,2542 3604,2547 3827,2552 4051,2557 4274,2562 4498,2568 4721,2573 4945,2579 5168,2584 5392,2589 5616,2595"/>
                <TextEquiv>
                    <Unicode>und herren, hern Gerlach ertzbisschoff ze Mentze, hern Albrecht zu Wirtzburg, hern Albrecht zu Vreisingen, die bisschofe, und die hochgeborn fursten hern Rudolfen hertzogen in Osterrich, hern</Unicode>
                </TextEquiv>
            </TextLine>
            <TextLine id="r1l20" custom="readingOrder {index:19;} person {offset:0; length:60;} place {offset:32; length:4;} place {offset:54; length:6;} person {offset:99; length:25;} place {offset:112; length:12;} person {offset:126; length:9;} person {offset:140; length:36;} place {offset:157; length:9;} person {offset:187; length:6; continued:true;}">
                <Coords points="1146,2629 1369,2628 1592,2628 1815,2629 2038,2630 2261,2632 2484,2635 2707,2638 2930,2641 3153,2645 3376,2649 3599,2654 3822,2659 4045,2663 4268,2668 4491,2673 4714,2677 4937,2682 5160,2687 5383,2691 5606,2695 5606,2635 5383,2631 5160,2627 4937,2622 4714,2617 4491,2613 4268,2608 4045,2603 3822,2599 3599,2594 3376,2589 3153,2585 2930,2581 2707,2578 2484,2575 2261,2572 2038,2570 1815,2569 1592,2568 1369,2568 1146,2569"/>
                <Baseline points="1146,2609 1369,2608 1592,2608 1815,2609 2038,2610 2261,2612 2484,2615 2707,2618 2930,2621 3153,2625 3376,2629 3599,2634 3822,2639 4045,2643 4268,2648 4491,2653 4714,2657 4937,2662 5160,2667 5383,2671 5606,2675"/>
                <TextEquiv>
                    <Unicode>Albrechten, pfallenczgrafen bei Rein und hertzogen in Peiern, unsern vettern, und die edeln herren Syfriden von Witchenstein, Lodowigen und Friederichen von Ötingen, die grafen, und hern Lutzen</Unicode>
                </TextEquiv>
            </TextLine>
            <TextLine id="r1l21" custom="readingOrder {index:20;} person {offset:0; length:11; continued:true;} place {offset:4; length:7;} person {offset:161; length:32; continued:true;}">
                <Coords points="1135,2720 1359,2719 1583,2719 1807,2719 2031,2721 2255,2722 2479,2725 2703,2728 2927,2732 3151,2736 3375,2740 3599,2745 3823,2750 4047,2754 4271,2759 4495,2764 4719,2769 4943,2774 5167,2778 5391,2783 5615,2786 5615,2725 5391,2722 5167,2717 4943,2713 4719,2708 4495,2703 4271,2698 4047,2693 3823,2689 3599,2684 3375,2679 3151,2675 2927,2671 2703,2667 2479,2664 2255,2661 2031,2660 1807,2658 1583,2658 1359,2658 1135,2659"/>
                <Baseline points="1135,2700 1359,2699 1583,2699 1807,2699 2031,2701 2255,2702 2479,2705 2703,2708 2927,2712 3151,2716 3375,2720 3599,2725 3823,2730 4047,2734 4271,2739 4495,2744 4719,2749 4943,2754 5167,2758 5391,2763 5615,2766"/>
                <TextEquiv>
                    <Unicode>von Honloch, daz sei zu ewigem gedechtnuzze und zu getzugnuzze dez obgenanten kaufes ire ingesiegele geruchen bei daz unser an diesen brieff ze hengken. Und wir Gerlach von Gots gnaden ertzbis¬</Unicode>
                </TextEquiv>
            </TextLine>
            <TextLine id="r1l22" custom="readingOrder {index:21;} person {offset:0; length:68; continued:true;} place {offset:10; length:6;} place {offset:53; length:15;} person {offset:70; length:22;} place {offset:83; length:9;} person {offset:94; length:37;} place {offset:106; length:10;} person {offset:141; length:43; continued:true;} place {offset:159; length:9;} place {offset:172; length:5;}">
                <Coords points="1149,2811 1371,2811 1593,2811 1816,2812 2038,2813 2261,2815 2483,2817 2706,2820 2928,2822 3151,2826 3373,2829 3595,2832 3818,2836 4040,2840 4263,2844 4485,2847 4708,2851 4930,2855 5153,2859 5375,2863 5598,2866 5598,2806 5375,2803 5153,2799 4930,2795 4708,2791 4485,2787 4263,2784 4040,2780 3818,2776 3595,2772 3373,2769 3151,2766 2928,2762 2706,2760 2483,2757 2261,2755 2038,2753 1816,2752 1593,2751 1371,2751 1149,2751"/>
                <Baseline points="1149,2791 1371,2791 1593,2791 1816,2792 2038,2793 2261,2795 2483,2797 2706,2800 2928,2802 3151,2806 3373,2809 3595,2812 3818,2816 4040,2820 4263,2824 4485,2827 4708,2831 4930,2835 5153,2839 5375,2843 5598,2846"/>
                <TextEquiv>
                    <Unicode>schoff ze Mentze des Heiligen reichs ertzcanceler in Tutschen landen, Albrecht von Wurtzburg, Albrecht zu Vreisingen, die bisschofe, und wir Rudolf hertzog in Osterrich zu Steyr und zu</Unicode>
                </TextEquiv>
            </TextLine>
            <TextLine id="r1l23" custom="readingOrder {index:22;} person {offset:0; length:7; continued:true;} place {offset:0; length:7;} person {offset:9; length:54;} place {offset:37; length:4;} place {offset:57; length:6;} person {offset:91; length:23;} place {offset:102; length:12;} person {offset:116; length:7;} person {offset:128; length:29;} place {offset:142; length:7;} person {offset:163; length:18;} place {offset:173; length:8;}">
                <Coords points="1163,2894 1384,2897 1606,2899 1828,2901 2049,2903 2271,2905 2493,2907 2714,2909 2936,2911 3158,2913 3380,2914 3601,2917 3823,2919 4045,2922 4266,2925 4488,2928 4710,2932 4931,2937 5153,2942 5375,2948 5597,2954 5597,2894 5375,2888 5153,2882 4931,2877 4710,2872 4488,2868 4266,2865 4045,2862 3823,2859 3601,2857 3380,2854 3158,2853 2936,2851 2714,2849 2493,2847 2271,2845 2049,2843 1828,2841 1606,2839 1384,2837 1163,2834"/>
                <Baseline points="1163,2874 1384,2877 1606,2879 1828,2881 2049,2883 2271,2885 2493,2887 2714,2889 2936,2891 3158,2893 3380,2894 3601,2897 3823,2899 4045,2902 4266,2905 4488,2908 4710,2912 4931,2917 5153,2922 5375,2928 5597,2934"/>
                <TextEquiv>
                    <Unicode>Kernden, Albrecht pfallentzgrave bei Rein und hertzog in Peiern von denselben gots gnaden, Sifrid von Witchenstein, Ludowig und Friderich von Otingen, graven, und Lutze von Hoenloch be¬</Unicode>
                </TextEquiv>
            </TextLine>
            <TextLine id="r1l24" custom="readingOrder {index:23;} person {offset:88; length:70;} place {offset:130; length:4;} place {offset:152; length:6;}">
                <Coords points="1157,2989 1379,2991 1601,2993 1823,2994 2045,2996 2268,2997 2490,2999 2712,3000 2934,3002 3156,3004 3379,3006 3601,3009 3823,3012 4045,3015 4267,3018 4490,3022 4712,3027 4934,3032 5156,3037 5378,3043 5601,3050 5601,2986 5378,2979 5156,2973 4934,2968 4712,2963 4490,2958 4267,2954 4045,2951 3823,2948 3601,2945 3379,2942 3156,2940 2934,2938 2712,2936 2490,2935 2268,2933 2045,2932 1823,2930 1601,2929 1379,2927 1157,2925"/>
                <Baseline points="1157,2968 1379,2970 1601,2972 1823,2973 2045,2975 2268,2976 2490,2978 2712,2979 2934,2981 3156,2983 3379,2985 3601,2988 3823,2991 4045,2994 4267,2997 4490,3001 4712,3006 4934,3011 5156,3016 5378,3022 5601,3029"/>
                <TextEquiv>
                    <Unicode>kennen offenlich, daz wir durch sunderliche bete dez obgenanten hochgeborn fursten hern Ruprechts dez Jungern pfallenczgraven bei Rein und hertzogen in Peiern, unser insiegele zu getzug¬</Unicode>
                </TextEquiv>
            </TextLine>
            <TextLine id="r1l25" custom="readingOrder {index:24;} place {offset:181; length:5; continued:true;}">
                <Coords points="1137,3087 1361,3087 1586,3088 1811,3089 2036,3090 2261,3092 2486,3094 2711,3096 2936,3098 3161,3101 3386,3104 3610,3107 3835,3110 4060,3113 4285,3116 4510,3120 4735,3124 4960,3128 5185,3131 5410,3135 5635,3139 5635,3075 5410,3071 5185,3067 4960,3064 4735,3060 4510,3056 4285,3052 4060,3049 3835,3046 3610,3043 3386,3040 3161,3037 2936,3034 2711,3032 2486,3030 2261,3028 2036,3026 1811,3025 1586,3024 1361,3023 1137,3023"/>
                <Baseline points="1137,3066 1361,3066 1586,3067 1811,3068 2036,3069 2261,3071 2486,3073 2711,3075 2936,3077 3161,3080 3386,3083 3610,3086 3835,3089 4060,3092 4285,3095 4510,3099 4735,3103 4960,3107 5185,3110 5410,3114 5635,3118"/>
                <TextEquiv>
                    <Unicode>nuzze und zu ewiger gedechtnuzze dez obgenanten kaufes an diesen brieff haben wizzentlich gehengket, mit urkunt ditz brifes, versigelt mit unser aller ingesiegeln, der geben ist zu Hage¬</Unicode>
                </TextEquiv>
            </TextLine>
            <TextLine id="r1l26" custom="readingOrder {index:25;} place {offset:0; length:3; continued:true;} date {offset:4; length:130;year:0; day:0; month:0;}">
                <Coords points="1152,3169 1330,3175 1509,3180 1687,3185 1866,3188 2044,3190 2223,3191 2401,3192 2580,3193 2758,3194 2937,3194 3116,3195 3294,3196 3473,3197 3651,3199 3830,3202 4008,3206 4187,3211 4365,3216 4544,3225 4723,3234 4723,3170 4544,3161 4365,3152 4187,3147 4008,3142 3830,3138 3651,3135 3473,3133 3294,3132 3116,3131 2937,3130 2758,3130 2580,3129 2401,3128 2223,3127 2044,3126 1866,3124 1687,3121 1509,3116 1330,3111 1152,3105"/>
                <Baseline points="1152,3148 1330,3154 1509,3159 1687,3164 1866,3167 2044,3169 2223,3170 2401,3171 2580,3172 2758,3173 2937,3173 3116,3174 3294,3175 3473,3176 3651,3178 3830,3181 4008,3185 4187,3190 4365,3195 4544,3204 4723,3213"/>
                <TextEquiv>
                    <Unicode>now nach Crists geburt drautzen hundert jar, darnach in dem drau und funftzugsten jar, an dem nechsten dinstag nach aller heiligen tag.</Unicode>
                </TextEquiv>
            </TextLine>
            <TextEquiv>
                <Unicode>Wir Ruprecht der Jünger von Gots gnaden pfalenczgrafe bei Rein und herczoge in Peiern bekennen und tun kunt offenlich mit disem brieve allen den, die in sehen oder horen, lesen daz wir mit&#xD;
wolbedachtem mute, mit rate unser frunde und mit rechter wizzen dem allerdurchluchtigsten fursten und herren, hern Karl, romischem kunige, ze allen zeiten merer des reichs und kunige ze Beheim,&#xD;
unserm lieben gnedigen herren seinen erben und nachkomen, kunigen ze Beheim, und der cronen desselben kunigrichs erbelichen und ewiclichen umb tzwelf tusent mark lotiges silbers, domit er uns&#xD;
uz unserm gevengnuzze von Sachsen gelediget und geloset hat, die nachgeschrieben vesten Nuwenstat, Sturnstein, Hirsaw und Lichtenstein und darnach umb tzwentzig tusent marck lotiges silbers, die er&#xD;
auff seliger gedechtnuzze den hochgeborn fursten hern Rudolfen etwenn pfalentzgrafen bei Rein und hertzogen in Peiern, unsern lieben vettern uns wizzentlich gewendit und yme gelihen hait, die nachge¬&#xD;
schrieben vesten, stete, und merkte Sultzbach, Rosemberg, Hirtenstein, Nydstein, Turrendorf, Hiltpoltstein, Hoenstein, Lichtenecke, Frankenberg, Lauffen, Eschembach, Hersbrücke, Awrbach, Velden, Begnitz und daz&#xD;
Plech und alles, daz unser vetter der egenante ze Peiern ingehabt und besezzen hat, mit allen dorfen, leuten, herschefften, guten, gerichten, bennen, tzollen, geleiten, vorsten, wiltpennen, gulten, zin¬&#xD;
sen, nutzen, vellen, welden, puschen, geiageden, vogelweiden, wiesen, weiden, wazzern, mülen, wazzerleuften, teichen, vischerien, bergen, grunden, slichten, gemirken, kreizzen, weichpilden und allen nutzen&#xD;
ob und under der erden, wie man die genennen mag, und auch mit rittern, knechten, mannen, manschefften, lehen, lehenschefften, verlehenten guten, kirchlehen und gotsgaben, dienern, eigenen leuten, pfant¬&#xD;
schefften von dem reiche oder sust von ymanden anders und allen zugehorungen, erbe und eygen, als iz gelegen ist, pfantschafft fur pfantschafft, recht und redelich verkauft haben in aller der maze, als&#xD;
sei der obgenant unser vetter selige inngehabt und besezzen hat, und als sie von seinem tode auf uns erbeclichen verfallen waren, und vertzihen uns fur uns, unser erben und nachkomen eweclichen&#xD;
allez rechten, ansprache und anredunge die wir zu den obgenanten vesten, steten, merkten und allen zugehorungen, als sei dovor begriffen seint, gehabt haben haben, oder gehaben muchten in dheine&#xD;
weis, und vertzeihen uns auch aller hilfe geistlichs und werentlichs rechten und aller gesecze keiserlicher und babstlicher büche, der lande gewonheit und aller ubunge und behaltnuzz, domit&#xD;
dieser kauff muchte in dheine weiz gehindert werden, und meynen, daz wir, unser erben und nachkomen uns domit nymer in dheinen zeiten mit dem rechten oder mit der tat, mit worten&#xD;
oder werken behelfen sullen oder wullen. Auch geloben wir mit guten truwen angewerde vor uns, unser erben und nachkomen dem obgenanten unserm herren dem kunige seinen erben und nachkomen,&#xD;
kunigen ze Beheim, daz wir in und der cronen desselben kunigrichs alle die obgenanten vesten, stete, merkte und zugehorungen, als sie dovor begriffen sint, versprechen und entwerren sullen&#xD;
und wullen fur unsern vettern, keiser Ludowigis seligen kinderen, den hochgeborn fursten hern Ruprechten den Elterm, dez Heiligen reichs obristern truchtsezzen und herczogen in&#xD;
Peiern, und fur allermenlich und fur alle ansprache eyns iglichen, wie der genennet sii, als in den landen recht und gewonlich ist. Und zu merer sicherheit haben wir gebeten die erwidigen fursten&#xD;
und herren, hern Gerlach ertzbisschoff ze Mentze, hern Albrecht zu Wirtzburg, hern Albrecht zu Vreisingen, die bisschofe, und die hochgeborn fursten hern Rudolfen hertzogen in Osterrich, hern&#xD;
Albrechten, pfallenczgrafen bei Rein und hertzogen in Peiern, unsern vettern, und die edeln herren Syfriden von Witchenstein, Lodowigen und Friederichen von Ötingen, die grafen, und hern Lutzen&#xD;
von Honloch, daz sei zu ewigem gedechtnuzze und zu getzugnuzze dez obgenanten kaufes ire ingesiegele geruchen bei daz unser an diesen brieff ze hengken. Und wir Gerlach von Gots gnaden ertzbis¬&#xD;
schoff ze Mentze des Heiligen reichs ertzcanceler in Tutschen landen, Albrecht von Wurtzburg, Albrecht zu Vreisingen, die bisschofe, und wir Rudolf hertzog in Osterrich zu Steyr und zu&#xD;
Kernden, Albrecht pfallentzgrave bei Rein und hertzog in Peiern von denselben gots gnaden, Sifrid von Witchenstein, Ludowig und Friderich von Otingen, graven, und Lutze von Hoenloch be¬&#xD;
kennen offenlich, daz wir durch sunderliche bete dez obgenanten hochgeborn fursten hern Ruprechts dez Jungern pfallenczgraven bei Rein und hertzogen in Peiern, unser insiegele zu getzug¬&#xD;
nuzze und zu ewiger gedechtnuzze dez obgenanten kaufes an diesen brieff haben wizzentlich gehengket, mit urkunt ditz brifes, versigelt mit unser aller ingesiegeln, der geben ist zu Hage¬&#xD;
now nach Crists geburt drautzen hundert jar, darnach in dem drau und funftzugsten jar, an dem nechsten dinstag nach aller heiligen tag.</Unicode>
            </TextEquiv>
        </TextRegion>
    </Page>
</PcGts>
