7062 5065
1071 637 4206 735 Nos Kazimirus, Dei gracia dux Thesschinensis, recognoscimus et fatemur tenore presencium universis,
1065 738 4183 826 nos esse principem et vasallum magnifici domini nostri, domini Johannis, Bohemie et Polonie regis illustris ac
1055 832 4190 920 comitis Lucemburgensis, et ab eo terram nostram Thesschynensem cum suis civitatibus et castris, videlicet
1053 928 4233 1015 Thesschyn civitate cum castro, Freyenstat et Belitz civitatibus, Zchotschow et Jemnicz opidis cum
1066 1023 4196 1113 municionibus et Ostravia castro cum etiam villis et hominibus, vasallis et militibus ad ipsas et ad ipsa
1068 1120 4223 1216 spectantibus et aliis pertinenciis suis universis, in quibuscumque consistant, quas nunc habemus  et inposterum sumus
1044 1215 4245 1322 quocumque tytulo habituri, nostro, heredum et successorum nostrorum nomine, ducum Thesschynensium, recepisse in feo¬
1057 1323 4288 1430 dum et ab ipso tenere et possidere iure et titulo feodali volentes, quod heredes et successores nostri, duces Tesschynenses
1054 1412 4121 1544 predicti, iuxta litterarum continenciam, quas a predicto domino rege Bohemie super eo habemus, quandocumque predictam
1060 1507 4172 1655 terram nostram vacare contingerit, eam ab ipso domino nostro rege aut a suis heredibus seu successoribus,
1054 1607 4202 1755 regibus Bohemie, in feodo deinceps semper recipere debeant et tenere et facto sibi servande perpetuo
1060 1708 4192 1845 fidelitatis homagio, sicut et nos nunc spontanea et libera voluntate fecimus, ei vel eis tamquam
1059 1791 4200 1935 eius vel eorum princeps et vasallus sincera fide intendere debeant et parere. In cuius rei cer¬
1045 1890 4119 2028 titudinem presentis instrumenti tenorem nostri sigilli munimine duximus roborandum.
1054 1992 4136 2122 Datum et actum in Opavia anno Domini Mo CCCo vicesimo septimo, kalendas
1079 2131 1946 2219 marcii duodecimo.
