3000 1953
265 198 2440 318 Quoniam mens humana sic a se per diversa rapitur, ut quam note rei concrescat oblivio, nisi posterorum cognicioni litterali consignetur
271 339 2444 419 testimonio, noverit igitur etas presens et postera, quod ego S., Dei gracia dictus Cladrubensis abbas, anno verbi incarnati MoCCoVo,
271 448 2424 520 tempore serenissimi Boemorum regis Ocdochardi, predium ecclesie nostre Mladethiz venerabili abbati M. de Plaz
273 549 2437 623 unanimi fratrum nostrorum conniventia pro LXXa marcis vendidimus. Quadraginta nempe marcis persolutis, in subple¬
264 667 2441 729 tionem taxate pecunie predium ecclesie sue in Pnevvan pro XXXa marcis ecclesie nostre tradiderunt, ea nimirum conditione, ut
271 787 2420 831 si in posterum aliquam contradictionem ab aliquo patiantur, nostra responsione id ratum esse confirmetur. Ceterum ut inviolabilis
278 880 2413 954 perpetim maneat statuta conventio, qua utriusque abbatie provisum est utilitati, presens scriptum utriusque sigillo communitum apud
263 991 881 1059 nos et ipsos censuimus conservandum.
