8745 5400
1140 593 5730 982 Wir Bolke von Gots gnaden herczoge von Slezien, herre von Furstinberg unde czu der Swidnicz, globen mit guten truwen
1311 917 5720 991 on geverd fur uns unde unser zone,, ab wir di gewinnen unde fur alle, di uns gehorsam sint, ader di durch unsern
1295 1016 5738 1095 willen tun adir lasen, dem allirdirluchtigstem fursten unde unserm genedigem herren hern Karln, Romischem kunge,
1310 1113 5720 1189 alle czit merer des richs unde kunge czu Behm, unde sinen erben kungen czu Behm, das wir mit in unde mit
1314 1212 5739 1301 allen iren fursten, landen, herscheften, luten unde undirtanen, wo di gelegen adir gesessen sint, einen gantzen
1344 1311 5743 1416 steten frede haben unde halden wollen, ein ganczis jar an czuheben an desem hutigem tage, ouch globen wir
1331 1410 5658 1512 mit guten truwen unde on geverd, daz wir des erwirdigen fursten hern Priczlaus, bischofs czu Breczlaw, unde
1340 1513 5608 1618 siner nachkomen des capitels, des stiftis unde der kirchen, do selbest umbe unsers selbes crik, der iczunt
1346 1616 5706 1713 czwischen in unde uns ist, unde umbe di sachen, di wir besundirn czu in haben fint werden wollen, unde si an
1329 1720 5669 1822 grifen, wenne wir von dem obgenanten unserm herren, deme Romischem kunge unde sinen erben kungen czu
1282 1822 5658 1931 Behm, des irmanet werden, indewennik dem vorbenanten iare unde globen mit guten truwen on geverd, das
1321 1923 5727 2029 wir unde unser zone, ab wir di gewinnen, uns mit deme selben bischofe, deme capitel unde allen iren nachko¬
1335 2028 5737 2128 men, unde mit deme stift, unde der vorbenanten kirchen czu Breczlaw noch der czit unde wir von deme vor
1338 2134 5711 2239 benanten unserm herren, deme Romischem kunge unde sinen erben, kungen czu Behm irmanet werden, nymmer
1341 2242 5733 2348 gefreden, zunen adir berichten wollen on des obgenanten unsers herren unde siner erben kungen czu Behm wort
1343 2350 5762 2459 wissen, gunst unde willen. Mit urkund dicz brifs, den wir vorsegelt haben lasen, werden mit unser wissen geben
1341 2457 5717 2577 czu der Swidnicz an dem nehesten tage, noch unser Vrowen tak, alz si czu himmel fuer, do man czalte noch Gotis ge¬
1356 2557 3749 2656 burt driczenhundirt, dor nach in deme fumfczegstem jare.
