9318 7678
2010 1007 5466 1143 Sigismundus, Dei gracia Romanorum rex semper augustus ac Hungarie, Boemie, Dalmacie, Croacie
2016 1093 5469 1234 et cetera rex, notum facimus tenore presentium universis, inmensa divine maiestatis clemencia, que celestia simul
2020 1176 5460 1308 et terrestria moderatur, nos sua clemencia ab alto prospiciens erexit ad apicem Romane regie dignitatis, ut
2045 1260 5488 1394 rei publice et populo fideli nedum prelacione verum in administracione pacis et justicie sollicicius preessemus
2025 1351 5523 1484 et hoc precipue ordine servato debito adimplere confidimus, dum principibus in suis meritis fulgentibus, que sua
2041 1440 5487 1569 sunt, libenter concedimus ac eciam nostri favoris et gracie benivolenciam de propriis exhibemus, quos fidei constancia,
2032 1525 5478 1656 virtutum excellencia et morum insignitas supra ceteros exigit, quique ab experto probati nos et imperium sacrum ro¬
2023 1608 5452 1740 manorum gratorum operum fidelitate ferventer honorat, sane ad illustris Ludovici de Cabilone, principis Auraice,
2047 1695 5468 1830 consagwinei nostri carissimi et nostri et sacri romani imperii per Galliam vicarii generalis, benivolenciam et
2038 1787 5496 1918 laboris exercicio, quibus se in dicto vicariatu perhibuit se sedulum, ultroneum et fidelem et merito ad exaltacionem
2048 1881 5488 2004 sui status et honoris fastigium animemur, idcirco non per errorem aut improvide, sed animo deliberato, sano fi¬
2049 1965 5538 2090 delium nostrorum accedente consilio et de certa nostra sciencia prefato Ludovico comitatum Gebennensem, ad ipsum et he¬
2033 2055 5496 2173 redes suos ex successione progenitorum suorum legittime pertinentem, in feudum contulimus et conferimus per presentes,
2039 2145 5472 2255 omneque jus nostrum, quod nobis veluti Romanorum regi in dicto comitatu Gebennensi et pertinenciis suis hactenus
2018 2236 5462 2344 potuisset comperete seu in antea sive per sentencias fisci nostri seu alia occasione quacumque posset competere
2040 2317 5471 2433 quodlibet in futurum, in ipsum Ludovicum et heredes suos transferimus, ipsis autoritate Romana regia tenore presencium
2049 2403 5531 2514 damus in feodum, concedimus, conferimus et donamus habendum, tenendum et jure feodi legittime possiden¬
2041 2496 5533 2595 dum. Volumus tamen, quod ipse Ludovicus in manus nobilis Alberti de Coldicz, capitanei Swidnicensis et Jaw¬
2056 2584 5528 2683 riensis, magistri camere et fidelis nostri dilecti, nostro nomine prestet solutim juramentum, videlicet, quod nobis veluti
2048 2670 5514 2767 Romanorum regi sit fidelis, obediens et subiectus, nostrumque malum avertat, bonum promoveat, omniaque erga nos
2052 2764 5496 2853 et sactum Romanum imperium fideliter faciat et perficiat, que fidelis vasallus imperii tenetur facere erga suum
2067 2858 5519 2944 dominum naturalem de consuetudine vel de jure, sicut eum Deus adiuvet et sancta Dei ewangelia, dolo et fraude
2059 2940 5462 3034 quibuslibet proculmotis. Presencium sub nostre maiestatis sigillo appensione testimonio literarum. Datum
2050 3028 5489 3120 Posonii anno Domini millesimo quadringentesimo vigesimotercio undecima die januarii, regnorum nostrorum
2055 3124 4690 3213 anno Hungarie et cetera tricesimosexto, Romanorum tredecimo, Boemie vero tercio.
4503 3458 5849 3535 Ad mandatum domini regis domino Georgio, episcopo Pataviensi,
4552 3531 5968 3623 cancellario referente Franciuscus prepositus Strigoniensis.
