8085 6392
1962 1600 5716 1904 Wir Ulrich und Johans, lantgraven zu dem Leutemberg, bekennen und tun kunt offenlich mit dysem brieff allen den, die yn sehen oder horen
2052 1861 5734 2008 lesen, wann die edelen herren Heinrich von dem Newenhaus und Ruzze von Luticz, unserr lieben frunde, die sache, die czwischen dem allirdurch¬
2060 1961 5662 2113 luchtigstem fursten und herren her Karl, romischem keyser, zu allen zeiten merer des reichs und kung ze Beheim, unserm lieben genedigen herren,
2038 2069 5738 2213 an einem teil, und uns an dem andern teil umb die greniczen des Behemischen waldes verlauffen ist durch gebot des obgenanten unsers herren
2043 2165 5760 2308 des keysers und durch unser bete willen entscheiden haben, als hernach geschriben stet, des ersten haben sie gemerket drew puechen mit dryn
2044 2272 5709 2415 crewczen under dem Eywimperg uf Dytirstorffer veld und derselb rayn sol stozzen uf Eselarner velde, das do haizzet daz Rutlus, als vere
2082 2378 5683 2526 unser merke wendet und nicht furbaz, und an der andern seiten von den dreyn puechen herwider auf czwischen dem Behemischem wald
2066 2502 5756 2638 und Dytirstorffer veld, uncz an drey viechten, die ouch gemerket sint, und furbas hinauf als man gerichtigst mag uncz an ein puechen und
2048 2617 5681 2746 an ein viechten vor daz haus, die ouch gemerket sint, und von dannen hinab gen Hyrzsteins wercz als verre Reichenstein begriffen hat
2060 2732 5730 2862 und herwider auz gen Reichensteiner velde, und wann der obgenante unser herre, der keyser als ein kung ze Beheim bestetigt hat, die egenanten greniczen
2068 2839 5768 2971 und raynung, als sie dovor begriffen sint, dorumb sullen und wollen wir und unsir erben und nachkomen dieselben greniczen und raynungen
2054 2957 5742 3077 stet und unverruket haben und halden, also daz wir und unser erben und nachkomen der vorgenanten greniczen und raynung ein teil, die an uns
2060 3060 5705 3188 gehoret sullen von dem egenanten unserm herren, dem keyser als von einem kunig zu Beheim, seinen erben und nachkomen kunigen zu Beheim
2068 3178 5783 3294 und von der cronen desselben kunigreichs ze Beheim zu rechtem lehen und manschafft haben und halden, gleich andern guten, die czu dem Reichen¬
2056 3275 5808 3397 stein gehoren, die wir ouch von dem egenanten unserm herren dem keyser als von einem kunig ze Beheim und von den cronen desselben kunigreichs ze lehen
2070 3396 5779 3506 haben und halden. Mit urkund dics brives, versigelt mit unsern ingesigel, der geben ist zu Nuremberg nach Cristus geburt drewczenhundert
2035 3529 5177 3618 jar, dornach in dem ein und sechzigstem jar am freytag vor dem suntag als man singet Oculi in der vasten
