6516 3979
698 1128 3968 1439 Ich Albrecht von Crenewicz bekenne und tue kunt offenlich mit diesem briefe allen den, die yn sehent oder horent lesen,
869 1367 3990 1453 das der allirdurchleugiste furste und herre, her Karl, romischir keiser zu allen zeiten merer des reichs und kunig zu Beheim,
899 1456 3877 1539 meyn liebir genediger herre, mich vier hundirt und achzig schokke guter pehemischir grözzir Prager pfenninge
893 1549 3917 1633 an den czweliff hundirt schokken, die er mich uff sante Jurgen tag, der nue nehest vergangen ist, bezalhet suelde
892 1646 3964 1723 haben, hat gerichtet und bezalhet. Dorumb sag ich vorgenanter Albrecht, meinen egenannten herren, den keiser und alle seine
895 1742 3979 1813 bürgen, die dofür gelobet haben, derselben vierhundirt und achzig schokke, der ich von den egenannten czwelifhundirt
891 1839 3959 1919 schokken also beyn bezalhet, gancz und gar quyet, ledig und loze mit diesem brife. Des zu urkunde hab ich meyn
886 1931 3921 2015 ingesigil zu eynem gezeugnuzze der warheit an disenselben brief gehangen, der geben ist zu Brunne nach
888 2037 3937 2118 Cristus geburte dreyzehenhundirt jar und dornach in dem sechzigsten iare an des heiligen Creuczes tage, als
899 2128 1353 2215 es funden wart.
