7660 6166
1183 515 5005 729 Wir Ruprecht der Elter von Gotis gnaden pfalenczgrave bei Reyn, des heiligen reiches obrister druchtsezze und herzog in Beyern, bekennen und tun kunt
1292 732 5029 813 offenlich mit diesem brieve allen den, dy yn sehen oder horen lesen, daz wir mit wolbedachtem mute mit rate unsir frunde und mit rechter wizzen dem aller¬
1245 820 5043 893 durchluchtigstem fursten und hern, herrn Karl Romischem kunige zu allen zeiten merer des reichs und kunige ze Behem, unserm lieben genedigen herren seinen erben
1272 909 5032 974 und nachkommen, kunigen zu Beheim, und der cronen desselben kunigreichs erblichen und ewicliehen umb czwelf tausent mark lotiges silbers, domit er den hochge¬
1275 993 5069 1061 bornen fursten herren Ruprechten den Jungern, unsers bruders sun auz seinem gevengnuzz von Sachsen geledigt und geloset hat, die nachgesehriben vesten Nuewen¬
1278 1076 5070 1147 stat, Stornstein, Hirzow und Lichtenstein und darnach umb czwenczig tsusent mark lotiges silbers, die er uff seliger gedechtnuzze den hochgebornen fursten hern
1238 1148 5014 1239 Rudolfen etwenn pfallenczgrafen bey Reyn und herzogen in Beyern, unsern lieben bruder uns wizzentlich gewendet und ym gelihen hait, die nachgeschrieben vesten,
1267 1239 5000 1324 stete und merkte Sulczbach, Rosemberg, Hertenstein, Neydstein, Turrendorff, Hiltpoltstein, Lichtenecke, Frankenberg, Lauffen, Esschembach, Hirspruck, Avrbach,
1257 1321 5014 1415 Velden, Pegnicz daz Plech und Hohensern und alles, daz unser bruder der egenante in Beyern innegehabt und besessen hat, mit allen dorfern, leuten, her¬
1275 1423 4991 1496 schefften, guten, gerichten, bennen, zollen, vogteihen, geleiten, vorsten, wiltpennen, gulten, zinsen, nuczen, rechten, velden, welden, puschen, geiegeden,
1285 1498 5003 1581 vognweiden, wiesen, weiden, wazzern, mülen, wazzerlauften, teichen, vischireyen, bergen, grunden, slechten, gemerken, creizen, weitpilden und allen nutczen
1286 1594 5052 1665 ob und under der erden, wie man die genennen mag, und auch mit rittern, knechten, mannen, manschefften, lehen, lehenschefften, verlehenten, guten, kirchlehen
1283 1672 5008 1750 und gotisgaben, dienern, eigenen leuten und allen zugehorungen erbe und aigen, als es gelegen ist, recht und redelich verkauft haben und verkaufen
1282 1753 5060 1834 in aller der maz, als si der obgenant unser bruder seliger innegehabt und besassen hat, und als sie von seinem tod auf uns erbeclich verfallen waren. Und
1266 1828 4990 1916 darumb, daz von desselben kaufes wegen das heilig reich nicht beschedigt werd an seinen rechten, di wir pflichtig sein zu bewarn, zo bekennen wir
1283 1920 4990 1998 und kunden offenlich, daz die obgenanten zwu stet Hersprugg und Aurbach und di veste zu dem Hohenstein zu lehen ruren von dem heiligen reich und
1276 2000 5000 2085 haben sie unser elder und vorfaren, pfallenczgraven by Rein und herzogen zu Beyern seliger gedechtnuzze, und wir zu rechtem lehen gehalden von dem
1266 2071 5059 2178 reich. Darumb haben wir verkaufet und verkaufen den obgenanten unserm herren dem romischen kunig, als einem kunig zu Behem, sinen erben und nach¬
1279 2145 4985 2265 komen, kunigen ze Behem, und der kron des kunigreichs ze Behem diselben zwu stet und di vesten in derselben weis und tragin ym die auf
1277 2231 4993 2354 wann er, als ein romischer kunig ir lehenherre ist, mit seinem verhengen, gunst und guten willen, als eines romischen kunigs, also daz er
1269 2327 4983 2440 als ein kunig ze Behem, sin erben und nachkomen, kunig ze Behem, und di kron des kunigreichs zu Behem di obgenanten zwu stet Hersprugg und
1265 2414 5046 2531 Aurbach und di vesten zu Hohenstein ewiclich zu rechten lehen halden von dem reich. Mit urkund dicz brives, versigilt mit unser aller ingesigeln,
1257 2484 5024 2623 der geben ist zu Hagenow nach Cristus geburt dreuzen hundert jar, dornach in dem drey und funfczigstem jare, an dem nehsten dienstage
1269 2566 1982 2651 vor aller heiligen tage.
