6592 4635
674 849 4432 1744 Ich Gilge der Paulsdorfer von dem Tennesperg bekenne und tun kunt offenlich mit disem briefe allen den, die in
946 1072 4360 1167 sehent odir horent lesen, wenn der allerdurchleuchtigste furste und herre her Karl, Romisch keiser, zu allen
954 1166 4422 1253 zeiten merer dez reichs und kunig zu Beheim, mein liber genediger herre, mir dreyzzig schock grozzer prager
954 1252 4447 1337 pfennige auf dem czolle zu Tachow ierlichen in zwen zeiten in dem jare fumftzehen auf send Jurgen
952 1338 4428 1446 tag, der nu nahest vergangen ist, und fumftzehen auf send Gallen tag, der darnach schwert kumpftig wirdet,
929 1438 4474 1533 von besundern gnaden auf zu heben hat gegeben, dorumbe so gelobe ich im in guten trewen an geverde mit rechten
933 1526 4486 1624 wizzen, und noch rate inem besten freunde mit mein festen zu dem Tennesperge gegen allirmeniclich zu warten
936 1629 4412 1716 und zu helfen und dienen, und im dieselben zu allen seinen notdurfften, wenne und wie offt er daz an
943 1723 4393 1805 mir heischen odir fordern wirdet, an alle widirrede und an allen verczog offenen, und im mit der zu warten,
933 1817 4391 1903 als meinen rechten herren aufgenomen meinen fettern, herren Heinriche dem Paulfdorfer, mit dem ich alse
932 1915 4405 2010 weit der Perg ist, do die festen auf gelegen seint, einen burgfride gelobt und gesworen habe, auch bin
949 2013 4381 2102 ich dez mit dem obgenanten meinen lieben genedigen herren mit ganczen wizzen ubirein komen, daz welche
949 2110 4373 2206 zeit er der gulde, odir ich der dienste und gelubde uberig sein wolden, daz uns daz beiderseit muglich
924 2199 4454 2309 ist zu tun, und sol an uns beidir willekur liegen. Mit urkund dicz briefes, versigilt mit meinem ingsigil,
956 2301 4441 2412 der geben ist zu Prag nach Cristes geburde dreuczenhundirt jar, darnach in dem neun und funf¬
928 2390 2546 2467 zigsten jare an dez heiligen Leichinams tage.
