6585 4628
1038 1047 4191 1286 Ego Henricus de Kamnik notum facio universis et tenore presencium recognosco, quod illustri
1130 1275 4275 1381 principi, domino meo Johanni, Boemie et Polonie regi, pro eo, quod michi ac meis heredibus municionem
1152 1368 4341 1494 Kamnik dictam, quam construxi et in ipso regno Bohemie denovo instauravi, ac omnia alia bona,
1142 1466 4233 1601 quae ad praesens teneo, villamque eciam Czehosticz cum suis pertinenciis, in feudum hereditarium et ius
1134 1565 4215 1708 feudi contulit et donavit ad habendum, tenendum et possidendum iure feudi per me ac meos here¬
1149 1663 4259 1815 des, promitto corporaliter prestito sacramento exnunc sibi et suis heredibus fidelem vasallum suum me
1129 1764 4333 1907 esse, ipsum quoque et suos heredes ac successores, res, vitam honoresque ipsorum pro posse fideliter con¬
1135 1869 4253 2012 servare et nullatenus, quod in detrimentum et periculum sive dampnum persone vel personarum, rerum et ho¬
1136 1962 4282 2116 norum sui et suorum heredum verti posset, aliquid per me aut meos heredes vel per quemcumque alium
1139 2063 4294 2228 contractare vel modo aliquo machinari, immo, siquis hoc vel aliquid eorum tractare vel procurare
1113 2159 4248 2334 voluerit, quam velocius sensero, sibi et suis heredibus indicare et quicquid michi ac meis heredibus
1121 2266 4184 2438 sub fide ac reverencia impositum ab ipso domino meo rege vel suis heredibus fuerit, secretum
1125 2380 4292 2551 fideliter tenere et ipsos toto posse meo adiuvare et eis servire, quando et quociens indiguerint
1121 2481 4291 2654 et nos requisiverint, et generaliter puram et veram fidelitatem sibi et suis heredibus reddere
1111 2584 4199 2754 ac eciam impartiri, in cuius rei testimonium hanc litteram meam sigillo meo proprio sigillatam
1119 2698 4211 2855 trado domino meo regi predicto. Datum Prage V idus ianuarii anno Domini millesimo
1097 2816 1900 2896 CCCmo decimonono.
3643 3020 4292 3126 Ponatur ad homagia
3635 3125 4184 3211 baronum Boemie.
