3000 2355
282 138 2015 266 + In nomine sancte et individue trinitatis. Ego Primiszle, Dei gratia rex Boemorum,
329 321 2236 384 universis Christi fidelibus tam futuri quam moderni temporis. Equitatis ratio deposcit, ut nos, qui Deo largiente prin¬
335 427 2247 489 cipatum inter homines adepti sumus, ecclesiis eius de donis, que nobis large contulit, aliqua reddamus et ab aliis collata
333 507 2174 601 nostre circumspectionis vigilantia custodiamus, nostre protectionis clipeo defensemus. Ille siquidem principatus habenas
335 612 2177 701 recte moderatur, qui laudabiliter ab aliis gesta inconvulsa conservare vel imitari non pigritatur. Proinde
338 724 2229 809 notum esse volumus tam posteris quam presentibus, quod ego P., rex Boemie, pro remedio anime mee, coniugis et parentum
336 832 2213 921 meorum contuli ecclesie beate Marie de Plaz terram ad aratrum in villa Ninoniz cum monte adiacente, qui dicitur
338 946 2210 1029 Widovle. Ut autem hoc posterorum memorie tenacius imprimatur, placuit factum scripto commedari et impressione si¬
351 1054 2084 1138 gilli nostri roborari, eorum etiam, qui affuerunt, seriatim nomina subnotari. Hec sunt nomina testium:
352 1157 2205 1243 Daniel Pragensis episcopus, Robertus Olomucensis episcopus, Andreas prepositus Pragensis, Petrus prepositus de Stragov, comes Cirnin,
343 1265 2224 1350 Budiwoi iudex, Dewis dapifer, Boguta pincerna cum filiis suis Heinrico, Petro et Boguta, Woizlaus dapifer regi¬
336 1372 2214 1460 ne, Jaros celerarius, Cubes celerarius Wissegradensis, Pribizlaus miles, Methes villicus Bogute, Driloth monetarius, Petrus,
337 1479 1793 1566 Hermannus, Bernardus, Syreth, mercatores. Acta sunt hec anno Dominice incarnationis MoCCoVII.
348 1587 1238 1668 Data Prage per manum domini Rabodonis cancellarii.
