6585 4628
1046 785 4230 1357 lch Reynhart, herre zu Westerburch, vergihe und tun kunt offenlich an disem brief allen den, di in
1276 1122 4163 1210 sehent oder horent lesen, daz ich von seliger gedehtnusse dem durchluhtigem fursten und herren hern
1267 1208 4201 1303 Johansen, etwenne kung zuc Beheym und grafen zu Lucemburch, hab genomen und enpfangen
1270 1299 4245 1393 siben hundert guldein von Florencz umb daz, daz ich man werden solt sein und seiner grafschaft zu Lucem¬
1286 1384 4315 1482 burch, und wanne ich daz volfuren wil, als pillich ist, darumb gelob ich mit gantzen trewen fur mich
1283 1476 4239 1580 und min erben dem allerdurchluhtigstem fursten und herren hern KarI, dem Romischen kung und
1275 1565 4229 1672 kung ze Beheym, reht manschaft ze leisten und ze tun, als eynem graven zu Luczemburch, und daz ich
1281 1656 4245 1757 im und seinen nachkomen graven zu Luczemburch und derselben grafschaft getrewe und gehorsam
1268 1745 4401 1863 sein wil und dienen, als in gewonlich von andern seinen und iren mannen ist ze tun. Mit urkund
1253 1821 4271 1961 dicz briefs, versigelt mit meinem insigel, daz dar an hanget, der geben ist zu Meincz nach Cristus
1218 1904 4013 2041 gepurt druzehenhundert und newn und fierczig iar an dem sampcztag in der pfingstwochen.
