<?xml version="1.0" encoding="UTF-8" standalone="yes"?>
<PcGts xmlns="http://schema.primaresearch.org/PAGE/gts/pagecontent/2013-07-15" xmlns:xsi="http://www.w3.org/2001/XMLSchema-instance" xsi:schemaLocation="http://schema.primaresearch.org/PAGE/gts/pagecontent/2013-07-15 http://schema.primaresearch.org/PAGE/gts/pagecontent/2013-07-15/pagecontent.xsd">
    <Metadata>
        <Creator>prov=University of Rostock/Institute of Mathematics/CITlab/Tobias Gruening/tobias.gruening@uni-rostock.de:name=/net_tf/LA73_249_0mod360.pb:de.uros.citlab.segmentation.CITlab_LA_ML:v=2.4.2
TRP</Creator>
        <Created>2019-08-29T16:16:57.483+02:00</Created>
        <LastChange>2019-12-18T16:08:55.008+01:00</LastChange>
        <TranskribusMetadata docId="202410" pageId="8468699" pageNr="1" tsid="21162316" status="IN_PROGRESS" userId="38723" imgUrl="https://files.transkribus.eu/Get?id=PKBIGWGTHCMVEUJOCHIPONJL&amp;fileType=view" xmlUrl="https://files.transkribus.eu/Get?id=CTXZTSMMYGCPILOTTQWGRQKE" imageId="5352944"/>
    </Metadata>
    <Page imageFilename="NA-ACK_13740629_01159_r.jpg" imageWidth="3000" imageHeight="2387">
        <ReadingOrder>
            <OrderedGroup id="ro_1579618228704" caption="Regions reading order">
                <RegionRefIndexed index="0" regionRef="r2"/>
                <RegionRefIndexed index="1" regionRef="region_1573224747369_66"/>
            </OrderedGroup>
        </ReadingOrder>
        <TextRegion orientation="0.0" id="r2" custom="readingOrder {index:0;}">
            <Coords points="429,190 451,1495 2462,1495 2478,183"/>
            <TextLine id="r2l3" custom="readingOrder {index:0;} person {offset:4; length:94;notice:id1234;} place {offset:92; length:6;}">
                <Coords points="459,306 559,305 659,304 759,304 859,304 959,303 1059,303 1160,303 1260,303 1360,303 1460,303 1560,304 1660,304 1760,305 1861,305 1961,306 2061,307 2161,308 2261,309 2361,311 2462,312 2462,282 2361,281 2261,279 2161,278 2061,277 1961,276 1861,275 1760,275 1660,274 1560,274 1460,273 1360,273 1260,273 1160,273 1059,273 959,273 859,274 759,274 659,274 559,275 459,276"/>
                <Baseline points="459,296 559,295 659,294 759,294 859,294 959,293 1059,293 1160,293 1260,293 1360,293 1460,293 1560,294 1660,294 1760,295 1861,295 1961,296 2061,297 2161,298 2261,299 2361,301 2462,302"/>
                <TextEquiv>
                    <Unicode>Wir Karl von Gotes gnaden romischer keyser czu allen czeiten merer des reichs und kunig czu Beheim, bekennen und tun kunt offenlich mit disem brieve allen den, die yn sehen oder horen lesen, wann alle fursten, geistliche und werltliche graven, freyen, dienstlute, ritterer, kneh¬</Unicode>
                </TextEquiv>
            </TextLine>
            <TextLine id="r2l4" custom="readingOrder {index:1;} place {offset:64; length:11;} place {offset:224; length:11;}">
                <Coords points="458,327 557,326 657,325 757,324 857,324 957,323 1057,322 1156,322 1256,322 1356,322 1456,322 1556,322 1656,322 1756,323 1855,323 1955,324 2055,325 2155,327 2255,328 2355,330 2455,332 2455,302 2355,300 2255,298 2155,297 2055,295 1955,294 1855,293 1756,293 1656,292 1556,292 1456,292 1356,292 1256,292 1156,292 1057,292 957,293 857,294 757,294 657,295 557,296 458,297"/>
                <Baseline points="458,317 557,316 657,315 757,314 857,314 957,313 1057,312 1156,312 1256,312 1356,312 1456,312 1556,312 1656,312 1756,313 1855,313 1955,314 2055,315 2155,317 2255,318 2355,320 2455,322"/>
                <TextEquiv>
                    <Unicode>te und stete des furstentums der markgrafschafft und marken czu Brandemburg uns als einem romischem keyser furbracht und furgelegt haben, wie das sie durch ewigen frides beschuczungen und beschirmungen willen der marken czu Brandemburg, alle derselben marken, lande,</Unicode>
                </TextEquiv>
            </TextLine>
            <TextLine id="r2l5" custom="readingOrder {index:2;} person {offset:168; length:75;} place {offset:187; length:6;} place {offset:209; length:11;} place {offset:236; length:7;} person {offset:245; length:7;} person {offset:257; length:6;}">
                <Coords points="464,344 563,343 662,343 762,343 861,342 961,342 1060,341 1160,341 1259,341 1359,340 1458,340 1557,340 1657,341 1756,341 1856,342 1955,342 2055,343 2154,345 2254,346 2353,348 2453,350 2453,320 2353,318 2254,316 2154,315 2055,313 1955,312 1856,312 1756,311 1657,311 1557,310 1458,310 1359,310 1259,311 1160,311 1060,311 961,312 861,312 762,313 662,313 563,313 464,314"/>
                <Baseline points="464,334 563,333 662,333 762,333 861,332 961,332 1060,331 1160,331 1259,331 1359,330 1458,330 1557,330 1657,331 1756,331 1856,332 1955,332 2055,333 2154,335 2254,336 2353,338 2453,340"/>
                <TextEquiv>
                    <Unicode>stete, slosse, lute, guter und czugehorungen, die vormals lange czeit mit manigfaldigem swerlichem kriege vorderbet und beschedigt ist und die auch die durchleuchtigen Wenczlaw kunig czu Beheim, markgraff czu Brandemburg und herczog in Slesien, Sigmund und Johans gebruder, unser</Unicode>
                </TextEquiv>
            </TextLine>
            <TextLine id="r2l6" custom="readingOrder {index:3;} place {offset:64; length:6;} person {offset:152; length:69;} place {offset:171; length:6;} place {offset:210; length:11;}">
                <Coords points="458,363 558,362 658,361 758,361 858,360 958,360 1058,360 1158,359 1258,359 1358,359 1458,360 1558,360 1658,360 1758,361 1858,362 1958,363 2058,364 2158,365 2258,366 2358,368 2458,369 2458,339 2358,338 2258,336 2158,335 2058,334 1958,333 1858,332 1758,331 1658,330 1558,330 1458,330 1358,329 1258,329 1158,329 1058,330 958,330 858,330 758,331 658,331 558,332 458,333"/>
                <Baseline points="458,353 558,352 658,351 758,351 858,350 958,350 1058,350 1158,349 1258,349 1358,349 1458,350 1558,350 1658,350 1758,351 1858,352 1958,353 2058,354 2158,355 2258,356 2358,358 2458,359"/>
                <TextEquiv>
                    <Unicode>fursten und lieben sone, mit des kunigreichs und der kronen czu Beheim erblichen landen, steten, gutern und bereitem gelde vormals von dem hochgebornen Otten herczogen in Beyern, czu den czeiten markgrafen czu Brandemburg, irem swager, und von seinen brudern und vettern recht</Unicode>
                </TextEquiv>
            </TextLine>
            <TextLine id="r2l7" custom="readingOrder {index:4;} place {offset:84; length:11;} place {offset:194; length:6;} place {offset:226; length:6;} place {offset:255; length:7;} place {offset:272; length:9;}">
                <Coords points="459,383 558,382 658,381 757,381 857,380 957,380 1056,379 1156,379 1255,379 1355,379 1455,379 1554,380 1654,380 1753,381 1853,382 1953,383 2052,384 2152,385 2251,386 2351,388 2451,390 2451,360 2351,358 2251,356 2152,355 2052,354 1953,353 1853,352 1753,351 1654,350 1554,350 1455,349 1355,349 1255,349 1156,349 1056,349 957,350 857,350 757,351 658,351 558,352 459,353"/>
                <Baseline points="459,373 558,372 658,371 757,371 857,370 957,370 1056,369 1156,369 1255,369 1355,369 1455,369 1554,370 1654,370 1753,371 1853,372 1953,373 2052,374 2152,375 2251,376 2351,378 2451,380"/>
                <TextEquiv>
                    <Unicode>und redlichen gekawfft haben und der sie auch als rechte fursten und markgrafen czu Brandemburg in gewerlichen lehnen, nucz und in gewere siczen und sein, sich czu dem kunigreiche und lande czu Beheim, der markgrafschafft czu Lusicz, den herczogtumen czu Breslaw, czu der Sweydnicz und</Unicode>
                </TextEquiv>
            </TextLine>
            <TextLine id="r2l8" custom="readingOrder {index:5;} place {offset:8; length:4;} place {offset:81; length:6;}">
                <Coords points="455,402 554,401 654,401 754,400 854,399 953,399 1053,399 1153,399 1253,399 1352,399 1452,399 1552,399 1652,400 1751,401 1851,401 1951,402 2051,403 2150,404 2250,406 2350,407 2450,409 2450,379 2350,377 2250,376 2150,374 2051,373 1951,372 1851,371 1751,371 1652,370 1552,369 1452,369 1352,369 1253,369 1153,369 1053,369 953,369 854,369 754,370 654,371 554,371 455,372"/>
                <Baseline points="455,392 554,391 654,391 754,390 854,389 953,389 1053,389 1153,389 1253,389 1352,389 1452,389 1552,389 1652,390 1751,391 1851,391 1951,392 2051,393 2150,394 2250,396 2350,397 2450,399"/>
                <TextEquiv>
                    <Unicode>czu dem Jawr und andern landen, die czu demselben kunigreiche und der kronen czu Beheim gehoren, und disselbe kunigreiche sich hinwider in ewige eynunge und sazze czu eren und dienste dem heiligen romischen reiche genczlichen gesaczt haben, mit willen, wissen, gunst und</Unicode>
                </TextEquiv>
            </TextLine>
            <TextLine id="r2l9" custom="readingOrder {index:6;} place {offset:107; length:11;} person {offset:221; length:15;} person {offset:238; length:9;} person {offset:252; length:8;}">
                <Coords points="460,421 559,420 659,420 758,419 858,419 957,418 1057,418 1156,418 1256,418 1355,418 1455,418 1554,419 1654,419 1753,420 1853,421 1952,422 2052,422 2151,424 2251,425 2350,426 2450,428 2450,398 2350,396 2251,395 2151,394 2052,392 1952,392 1853,391 1753,390 1654,389 1554,389 1455,388 1355,388 1256,388 1156,388 1057,388 957,388 858,389 758,389 659,390 559,390 460,391"/>
                <Baseline points="460,411 559,410 659,410 758,409 858,409 957,408 1057,408 1156,408 1256,408 1355,408 1455,408 1554,409 1654,409 1753,410 1853,411 1952,412 2052,412 2151,414 2251,415 2350,416 2450,418"/>
                <TextEquiv>
                    <Unicode>volenbort unsers als eines romischen keysers obristen lehenherren des egenanten furstentums und marken czu Brandemburg und die vorgenanten fursten, grafen, freyen, dienstlute, ritterer, knechte und stette den vorgenanten kunig Wenczlawn, Sigmunden und Johansen gebru¬</Unicode>
                </TextEquiv>
            </TextLine>
            <TextLine id="r2l10" custom="readingOrder {index:7;} person {offset:156; length:31;} place {offset:180; length:7;}">
                <Coords points="462,439 560,438 659,438 757,438 856,437 955,437 1053,437 1152,437 1251,437 1349,437 1448,437 1547,438 1645,438 1744,439 1843,439 1941,440 2040,441 2139,442 2237,443 2336,445 2456,448 2456,418 2336,415 2237,413 2139,412 2040,411 1941,410 1843,409 1744,409 1645,408 1547,408 1448,407 1349,407 1251,407 1152,407 1053,407 955,407 856,407 757,408 659,408 560,408 462,409"/>
                <Baseline points="462,429 560,428 659,428 757,428 856,427 955,427 1053,427 1152,427 1251,427 1349,427 1448,427 1547,428 1645,428 1744,429 1843,429 1941,430 2040,431 2139,432 2237,433 2336,435 2435,436"/>
                <TextEquiv>
                    <Unicode>dern, und allen andern iren brudern, erben, erbeserben und nachkomenn, die nu sein und hernach geborn werden, und ob die alle nicht weren, dem hochgebornem Johansen markgrafen czu Merhern, unserm lieben bruder und fursten, allen seinen erben, erbes erben und</Unicode>
                </TextEquiv>
            </TextLine>
            <TextLine id="r2l11" custom="readingOrder {index:8;} place {offset:30; length:11;} place {offset:136; length:6;} place {offset:168; length:6;} place {offset:197; length:7;} place {offset:214; length:9;} place {offset:236; length:4;}">
                <Coords points="463,458 562,458 661,457 761,457 860,456 959,456 1059,456 1158,456 1257,456 1357,456 1456,457 1555,457 1655,458 1754,458 1853,459 1953,460 2052,460 2151,461 2251,462 2350,463 2450,464 2450,434 2350,433 2251,432 2151,431 2052,430 1953,430 1853,429 1754,428 1655,428 1555,427 1456,427 1357,426 1257,426 1158,426 1059,426 959,426 860,426 761,427 661,427 562,428 463,428"/>
                <Baseline points="463,448 562,448 661,447 761,447 860,446 959,446 1059,446 1158,446 1257,446 1357,446 1456,447 1555,447 1655,448 1754,448 1853,449 1953,450 2052,450 2151,451 2251,452 2350,453 2450,454"/>
                <TextEquiv>
                    <Unicode>nachkomen, als markgrafen czu Brandemburg, iren rechten erpherren, gelobt und gesworn haben, das sie ewiclichen bey dem kunigreiche czu Beheim, der markgrafschafft czu Lusicz, den herczogtumen czu Breslaw, czu der Sweydnicz und czu dem Jawr und bey andern lan¬</Unicode>
                </TextEquiv>
            </TextLine>
            <TextLine id="r2l12" custom="readingOrder {index:9;} place {offset:33; length:6;} person {offset:262; length:15;}">
                <Coords points="464,477 563,477 662,476 761,475 860,475 960,474 1059,474 1158,474 1257,474 1356,474 1456,474 1555,475 1654,475 1753,476 1852,476 1952,477 2051,478 2150,479 2249,480 2348,481 2448,482 2448,452 2348,451 2249,450 2150,449 2051,448 1952,447 1852,446 1753,446 1654,445 1555,445 1456,444 1356,444 1257,444 1158,444 1059,444 960,444 860,445 761,445 662,446 563,447 464,447"/>
                <Baseline points="464,467 563,467 662,466 761,465 860,465 960,464 1059,464 1158,464 1257,464 1356,464 1456,464 1555,465 1654,465 1753,466 1852,466 1952,467 2051,468 2150,469 2249,470 2348,471 2448,472"/>
                <TextEquiv>
                    <Unicode>den, die czu dem kunigreiche czu Beheim gehoren, ewiclichen beleiben sullen und wollen und sich do von nymmer scheiden noch scheiden lazzen durch dheynerleye sachen oder stucken willen in dheinenweis. Und furbasmer, ob es czu schulden queme, das die vorgenanten kunig Wenczlaws bruder, seine</Unicode>
                </TextEquiv>
            </TextLine>
            <TextLine id="r2l13" custom="readingOrder {index:10;} place {offset:141; length:11;}">
                <Coords points="463,497 561,496 660,495 759,495 858,494 956,493 1055,493 1154,493 1253,493 1351,493 1450,493 1549,493 1648,493 1746,493 1845,494 1944,494 2043,495 2141,496 2240,497 2339,498 2438,499 2438,469 2339,468 2240,467 2141,466 2043,465 1944,464 1845,464 1746,463 1648,463 1549,463 1450,463 1351,463 1253,463 1154,463 1055,463 956,463 858,464 759,465 660,465 561,466 463,467"/>
                <Baseline points="463,487 561,486 660,485 759,485 858,484 956,483 1055,483 1154,483 1253,483 1351,483 1450,483 1549,483 1648,483 1746,483 1845,484 1944,484 2043,485 2141,486 2240,487 2339,488 2438,489"/>
                <TextEquiv>
                    <Unicode>oder ire erben oder vettern oder derselben erben oder nachkomen, die nu sein oder in kunfftigen czeiten werden, ire erpherren markgrafen czu Brandemburg, irer weren einer, oder mer sie die obgenanten fursten, graven, freyen, dienstlute, ritterer, knechte, und stette der mar¬</Unicode>
                </TextEquiv>
            </TextLine>
            <TextLine id="r2l14" custom="readingOrder {index:11;} place {offset:8; length:11;} place {offset:46; length:11;} place {offset:123; length:6;} place {offset:185; length:6;}">
                <Coords points="464,515 568,514 672,513 776,513 880,512 984,511 1088,511 1193,511 1297,510 1401,510 1505,510 1609,510 1713,510 1818,511 1922,511 2026,512 2130,513 2234,514 2338,515 2443,516 2443,486 2338,485 2234,484 2130,483 2026,482 1922,481 1818,481 1713,480 1609,480 1505,480 1401,480 1297,480 1193,481 1088,481 984,481 880,482 776,483 672,483 568,484 464,485"/>
                <Baseline points="464,505 568,504 672,503 776,503 880,502 984,501 1088,501 1193,501 1297,500 1401,500 1505,500 1609,500 1713,500 1818,501 1922,501 2026,502 2130,503 2234,504 2338,505 2443,506"/>
                <TextEquiv>
                    <Unicode>ken czu Brandemburg oder dieselben marken czu Brandemburg, czemale oder derselben marken ein teyl, von dem kunigreiche czu Beheim und den landen, die darczu gehoren, von dem kunige czu Beheim, oder seinen brudern, iren erben, vettern oder nachkomen, die in czeiten ire</Unicode>
                </TextEquiv>
            </TextLine>
            <TextLine id="r2l15" custom="readingOrder {index:12;} place {offset:26; length:11;} place {offset:82; length:11;} place {offset:138; length:11;} place {offset:174; length:6;}">
                <Coords points="465,534 564,533 663,533 762,532 861,531 960,530 1059,530 1159,529 1258,528 1357,528 1456,528 1555,528 1654,527 1753,528 1853,528 1952,528 2051,529 2150,529 2249,530 2348,531 2448,532 2448,502 2348,501 2249,500 2150,499 2051,499 1952,498 1853,498 1753,498 1654,497 1555,498 1456,498 1357,498 1258,498 1159,499 1059,500 960,500 861,501 762,502 663,503 564,503 465,504"/>
                <Baseline points="465,524 564,523 663,523 762,522 861,521 960,520 1059,520 1159,519 1258,518 1357,518 1456,518 1555,518 1654,517 1753,518 1853,518 1952,518 2051,519 2150,519 2249,520 2348,521 2448,522"/>
                <TextEquiv>
                    <Unicode>erpherren, markgrafen czu Brandemburg sein und werden, oder ob sie der marken czu Brandemburg ein teil von dem lande derselben marken czu Brandemburg und dem kunigreiche czu Beheim scheiden, vorgeben, vorkawffen, vorseczen, vorwechseln oder empfremden wolten, schieden,</Unicode>
                </TextEquiv>
            </TextLine>
            <TextLine id="r2l16" custom="readingOrder {index:13;} place {offset:190; length:11;} place {offset:246; length:11;}">
                <Coords points="468,552 566,551 665,550 763,549 862,548 961,547 1059,547 1158,546 1257,545 1355,545 1454,545 1553,544 1651,544 1750,544 1849,545 1947,545 2046,545 2145,546 2243,547 2342,548 2441,549 2441,519 2342,518 2243,517 2145,516 2046,515 1947,515 1849,515 1750,514 1651,514 1553,514 1454,515 1355,515 1257,515 1158,516 1059,517 961,517 862,518 763,519 665,520 566,521 468,522"/>
                <Baseline points="468,542 566,541 665,540 763,539 862,538 961,537 1059,537 1158,536 1257,535 1355,535 1454,535 1553,534 1651,534 1750,534 1849,535 1947,535 2046,535 2145,536 2243,537 2342,538 2441,539"/>
                <TextEquiv>
                    <Unicode>vorgeben, vorkawfften, vorseczten, vorwechslten oder die empfremdten in dheineweis, das denne die vorgenanten fursten graven, freyen, dienstlute, ritterer, knechte und stette der marken czu Brandemburg dem oder den iren erbherren, markgrafen czu Brandemburg, die das tun</Unicode>
                </TextEquiv>
            </TextLine>
            <TextLine id="r2l17" custom="readingOrder {index:14;} place {offset:277; length:6;}">
                <Coords points="462,569 560,568 659,567 758,566 857,566 956,565 1055,564 1154,564 1253,563 1352,563 1451,563 1549,562 1648,562 1747,563 1846,563 1945,563 2044,564 2143,564 2242,565 2341,566 2440,567 2440,537 2341,536 2242,535 2143,534 2044,534 1945,533 1846,533 1747,533 1648,532 1549,532 1451,533 1352,533 1253,533 1154,534 1055,534 956,535 857,536 758,536 659,537 560,538 462,539"/>
                <Baseline points="462,559 560,558 659,557 758,556 857,556 956,555 1055,554 1154,554 1253,553 1352,553 1451,553 1549,552 1648,552 1747,553 1846,553 1945,553 2044,554 2143,554 2242,555 2341,556 2440,557"/>
                <TextEquiv>
                    <Unicode>wolten oder teten, nichtes pflichtig oder vorbunden sein sullen von huldungen wegen oder sust, noch den oder die fur ire herren haben oder halten, alle die weile, das die nicht von sulchen sachen liezzen und die widerteten, sunder sie sullen sich denne halten an den kunig czu Beheim</Unicode>
                </TextEquiv>
            </TextLine>
            <TextLine id="r2l18" custom="readingOrder {index:15;} place {offset:98; length:11;}">
                <Coords points="455,586 554,586 653,585 752,584 852,584 951,583 1050,583 1150,582 1249,582 1348,581 1448,581 1547,581 1646,581 1745,581 1845,581 1944,582 2043,582 2143,583 2242,583 2341,584 2441,585 2441,555 2341,554 2242,553 2143,553 2043,552 1944,552 1845,551 1745,551 1646,551 1547,551 1448,551 1348,551 1249,552 1150,552 1050,553 951,553 852,554 752,554 653,555 554,556 455,556"/>
                <Baseline points="455,576 554,576 653,575 752,574 852,574 951,573 1050,573 1150,572 1249,572 1348,571 1448,571 1547,571 1646,571 1745,571 1845,571 1944,572 2043,572 2143,573 2242,573 2341,574 2441,575"/>
                <TextEquiv>
                    <Unicode>und an andere seine bruder, vettern, erben und nachkomen, die denne ire erpherren, markgrafen czu Brandemburg, sein oder werden und sulche scheydungen, vorgebungen, vorkawffungen, vorseczungen, vorwechslungen oder empfremdungen nicht teten oder getan hetten, uncz an die czeit,</Unicode>
                </TextEquiv>
            </TextLine>
            <TextLine id="r2l19" custom="readingOrder {index:16;}">
                <Coords points="466,606 564,605 663,604 761,603 860,602 959,602 1057,601 1156,601 1254,600 1353,600 1452,600 1550,600 1649,600 1747,600 1846,600 1945,601 2043,601 2142,602 2240,603 2339,604 2438,605 2438,575 2339,574 2240,573 2142,572 2043,571 1945,571 1846,570 1747,570 1649,570 1550,570 1452,570 1353,570 1254,570 1156,571 1057,571 959,572 860,572 761,573 663,574 564,575 466,576"/>
                <Baseline points="466,596 564,595 663,594 761,593 860,592 959,592 1057,591 1156,591 1254,590 1353,590 1452,590 1550,590 1649,590 1747,590 1846,590 1945,591 2043,591 2142,592 2240,593 2339,594 2438,595"/>
                <TextEquiv>
                    <Unicode>bis derselbe oder dieselben do von genczlichen liezzen oder das widertan hetten. Und furbasmer haben und die vorgenanten fursten, graven, freyen, dientstlute, ritterer, knechte und stete furbracht, das sie gelobt und czu den heiligen gesworn haben fur sich, ire erben nachkomen und</Unicode>
                </TextEquiv>
            </TextLine>
            <TextLine id="r2l20" custom="readingOrder {index:17;} person {offset:53; length:14;} place {offset:143; length:6;} place {offset:169; length:11;} person {offset:206; length:28;} place {offset:227; length:7;}">
                <Coords points="465,625 563,624 661,624 759,623 858,622 956,622 1054,621 1153,620 1251,620 1349,619 1448,619 1546,619 1644,619 1742,619 1841,619 1939,620 2037,620 2136,621 2234,622 2332,623 2431,625 2431,595 2332,593 2234,592 2136,591 2037,590 1939,590 1841,589 1742,589 1644,589 1546,589 1448,589 1349,589 1251,590 1153,590 1054,591 956,592 858,592 759,593 661,594 563,594 465,595"/>
                <Baseline points="465,615 563,614 661,614 759,613 858,612 956,612 1054,611 1153,610 1251,610 1349,609 1448,609 1546,609 1644,609 1742,609 1841,609 1939,610 2037,610 2136,611 2234,612 2332,613 2431,615"/>
                <TextEquiv>
                    <Unicode>stete, ab es czu schulden kumpt, das der vorgenanten kunig Wenczlaw und seine bruder und ir aller erben, erbes erben und nachkomen, kunige czu Beheim und markgraven czu Brandemburg und auch der vorgenanten markgraff Johans von Merhern, seine erben, erbes erben und nach¬</Unicode>
                </TextEquiv>
            </TextLine>
            <TextLine id="r2l21" custom="readingOrder {index:18;} place {offset:79; length:6;} place {offset:224; length:11;}">
                <Coords points="463,645 561,643 659,643 757,642 856,641 954,640 1052,640 1150,639 1249,639 1347,638 1445,638 1543,638 1642,638 1740,638 1838,639 1936,639 2035,640 2133,640 2231,641 2329,642 2428,643 2428,613 2329,612 2231,611 2133,610 2035,610 1936,609 1838,609 1740,608 1642,608 1543,608 1445,608 1347,608 1249,609 1150,609 1052,610 954,610 856,611 757,612 659,613 561,613 463,615"/>
                <Baseline points="463,635 561,633 659,633 757,632 856,631 954,630 1052,630 1150,629 1249,629 1347,628 1445,628 1543,628 1642,628 1740,628 1838,629 1936,629 2035,630 2133,630 2231,631 2329,632 2428,633"/>
                <TextEquiv>
                    <Unicode>komen allen absturben, do Got fur sey das sie, denne einen yeglichen kunig von Beheim, der denne in czeiten wirdet und ist, und mit ym seine erben und derselben erben, erbes erben und nachkomen ewiclichen fur markgraven czu Brandemburg, ir rechte naturlichen erpherren und</Unicode>
                </TextEquiv>
            </TextLine>
            <TextLine id="r2l22" custom="readingOrder {index:19;} place {offset:97; length:6;} place {offset:125; length:6;}">
                <Coords points="498,662 595,661 693,660 790,659 888,659 985,658 1083,657 1180,657 1278,657 1375,657 1473,657 1570,657 1668,657 1765,657 1863,657 1960,658 2058,658 2155,659 2253,660 2350,661 2448,661 2448,631 2350,631 2253,630 2155,629 2058,628 1960,628 1863,627 1765,627 1668,627 1570,627 1473,627 1375,627 1278,627 1180,627 1083,627 985,628 888,629 790,629 693,630 595,631 498,632"/>
                <Baseline points="498,652 595,651 693,650 790,649 888,649 985,648 1083,647 1180,647 1278,647 1375,647 1473,647 1570,647 1668,647 1765,647 1863,647 1960,648 2058,648 2155,649 2253,650 2350,651 2448,651"/>
                <TextEquiv>
                    <Unicode>nyemanden anders haben und habten sullen, und sich von yn, iren erben und nachkomen, kunigen czu Beheim, dem kunigreiche czu Beheim seinen egenanten furstentumen, herschefften und auch von den landen, die dorczu gehoren, nicht scheiden noch scheiden lazzen in dheinenweis, sunder</Unicode>
                </TextEquiv>
            </TextLine>
            <TextLine id="r2l23" custom="readingOrder {index:20;}">
                <Coords points="463,680 561,679 660,679 758,678 857,678 956,677 1054,677 1153,677 1251,676 1350,676 1449,676 1547,676 1646,676 1744,676 1843,676 1942,676 2040,677 2139,678 2237,678 2336,680 2435,681 2435,651 2336,650 2237,648 2139,648 2040,647 1942,646 1843,646 1744,646 1646,646 1547,646 1449,646 1350,646 1251,646 1153,647 1054,647 956,647 857,648 758,648 660,649 561,649 463,650"/>
                <Baseline points="463,670 561,669 660,669 758,668 857,668 956,667 1054,667 1153,667 1251,666 1350,666 1449,666 1547,666 1646,666 1744,666 1843,666 1942,666 2040,667 2139,668 2237,668 2336,670 2435,671"/>
                <TextEquiv>
                    <Unicode>das sie yn als iren rechten erpherren getrewe, gewer und gehorsam sein sullen, als das alles in sulchen brieven, die dorober an beidenseiten geben sein, vollenkomenlicher ist begriffen. Und wann auch die obgenanten fursten, graven freyen, dienstlute, ritterer, knechte und</Unicode>
                </TextEquiv>
            </TextLine>
            <TextLine id="r2l24" custom="readingOrder {index:21;} person {offset:86; length:14;} person {offset:102; length:7;} person {offset:114; length:6;} person {offset:209; length:28;} place {offset:230; length:7;}">
                <Coords points="459,697 563,697 667,697 771,697 875,697 979,696 1083,696 1188,696 1292,695 1396,695 1500,695 1604,695 1708,695 1813,695 1917,695 2021,696 2125,696 2229,697 2333,698 2438,699 2438,669 2333,668 2229,667 2125,666 2021,666 1917,665 1813,665 1708,665 1604,665 1500,665 1396,665 1292,665 1188,666 1083,666 979,666 875,667 771,667 667,667 563,667 459,667"/>
                <Baseline points="459,687 563,687 667,687 771,687 875,687 979,686 1083,686 1188,686 1292,685 1396,685 1500,685 1604,685 1708,685 1813,685 1917,685 2021,686 2125,686 2229,687 2333,688 2438,689"/>
                <TextEquiv>
                    <Unicode>stete fur sich, ire erben und nachkomen uff eine seiten und die egenanten unser sone, kunig Wenczlaw, Sigmund und Johans fur sich ander unser und ire erben und nachkomen und auch der vorgenanten unser bruder, markgraff Johans von Merhern, fur sich, seine erben</Unicode>
                </TextEquiv>
            </TextLine>
            <TextLine id="r2l25" custom="readingOrder {index:22;} place {offset:169; length:11;}">
                <Coords points="467,717 565,717 664,716 762,716 861,716 959,716 1058,715 1156,715 1255,715 1353,714 1452,714 1551,714 1649,714 1748,714 1846,714 1945,714 2043,715 2142,715 2240,716 2339,717 2438,717 2438,687 2339,687 2240,686 2142,685 2043,685 1945,684 1846,684 1748,684 1649,684 1551,684 1452,684 1353,684 1255,685 1156,685 1058,685 959,686 861,686 762,686 664,686 565,687 467,687"/>
                <Baseline points="467,707 565,707 664,706 762,706 861,706 959,706 1058,705 1156,705 1255,705 1353,704 1452,704 1551,704 1649,704 1748,704 1846,704 1945,704 2043,705 2142,705 2240,706 2339,707 2438,707"/>
                <TextEquiv>
                    <Unicode>und nachkomen uff die andern seiten, uns fleizziclichen gebeten haben, das wir, als ein romischer keyser, obrister lehenherre des vorgenanten furstentums der marken czu Brandemburg, dor uff, das dieselben marken, ire land und lewte widerbracht und in fride und</Unicode>
                </TextEquiv>
            </TextLine>
            <TextLine id="r2l26" custom="readingOrder {index:23;} place {offset:226; length:11;}">
                <Coords points="461,739 560,738 659,737 758,736 857,735 956,735 1055,734 1155,734 1254,734 1353,733 1452,733 1551,733 1650,733 1749,733 1849,733 1948,734 2047,734 2146,734 2245,734 2344,735 2444,735 2444,705 2344,705 2245,704 2146,704 2047,704 1948,704 1849,703 1749,703 1650,703 1551,703 1452,703 1353,703 1254,704 1155,704 1055,704 956,705 857,705 758,706 659,707 560,708 461,709"/>
                <Baseline points="461,729 560,728 659,727 758,726 857,725 956,725 1055,724 1155,724 1254,724 1353,723 1452,723 1551,723 1650,723 1749,723 1849,723 1948,724 2047,724 2146,724 2245,724 2344,725 2444,725"/>
                <TextEquiv>
                    <Unicode>selikeit gesaczt werden mochten, sunderlichen dem heyligen romischen reiche czueren und wirden merklichen bedenken und eygentlichen betrachten wolten, wie gar swerlichen und grozzlichen das egenanten furstentum der marken czu Brandemburg, seine lande, lew¬</Unicode>
                </TextEquiv>
            </TextLine>
            <TextLine id="r2l27" custom="readingOrder {index:24;}">
                <Coords points="463,759 562,758 661,757 760,757 860,756 959,755 1058,755 1157,754 1257,754 1356,754 1455,754 1554,753 1654,753 1753,753 1852,753 1951,753 2051,753 2150,754 2249,754 2348,754 2448,754 2448,724 2348,724 2249,724 2150,724 2051,723 1951,723 1852,723 1753,723 1654,723 1554,723 1455,724 1356,724 1257,724 1157,724 1058,725 959,725 860,726 760,727 661,727 562,728 463,729"/>
                <Baseline points="463,749 562,748 661,747 760,747 860,746 959,745 1058,745 1157,744 1257,744 1356,744 1455,744 1554,743 1654,743 1753,743 1852,743 1951,743 2051,743 2150,744 2249,744 2348,744 2448,744"/>
                <TextEquiv>
                    <Unicode>te und guter in vorgangnen czeiten von unfride und kriege, der steticlichen do gewesen ist, vorterbet, beschedigt und vorwustet weren, und noch furbasmer beschedigt, vorterbet und vorwustet wurden, ob sie ane rat, schucz und hulffe der kunige und kung¬</Unicode>
                </TextEquiv>
            </TextLine>
            <TextLine id="r2l28" custom="readingOrder {index:25;} place {offset:11; length:6;} place {offset:147; length:11;} place {offset:229; length:10;}">
                <Coords points="459,779 558,778 657,777 756,777 855,776 954,775 1053,775 1153,774 1252,774 1351,773 1450,773 1549,773 1648,773 1747,773 1847,773 1946,773 2045,773 2144,773 2243,774 2342,774 2442,774 2442,744 2342,744 2243,744 2144,743 2045,743 1946,743 1847,743 1747,743 1648,743 1549,743 1450,743 1351,743 1252,744 1153,744 1053,745 954,745 855,746 756,747 657,747 558,748 459,749"/>
                <Baseline points="459,769 558,768 657,767 756,767 855,766 954,765 1053,765 1153,764 1252,764 1351,763 1450,763 1549,763 1648,763 1747,763 1847,763 1946,763 2045,763 2144,763 2243,764 2342,764 2442,764"/>
                <TextEquiv>
                    <Unicode>reichs czu Beheim beliben, und auch, wie das mangerleye herschafft, stete, lande, slozze, lewte und guter demselben furstentume und der marken czu Brandemburg von umbgesezznen kunigen, fursten und herren beynamen den kunigen von Denemarken,</Unicode>
                </TextEquiv>
            </TextLine>
            <TextLine id="r2l29" custom="readingOrder {index:26;} place {offset:8; length:5;} place {offset:33; length:7;} place {offset:45; length:9;} place {offset:77; length:9;} place {offset:106; length:8;} place {offset:120; length:6;} place {offset:132; length:10;} place {offset:163; length:6;}">
                <Coords points="457,799 556,798 656,797 756,796 856,795 955,794 1055,794 1155,793 1255,793 1354,792 1454,792 1554,792 1654,792 1753,792 1853,791 1953,791 2053,791 2152,791 2252,791 2352,791 2452,791 2452,761 2352,761 2252,761 2152,761 2053,761 1953,761 1853,761 1753,762 1654,762 1554,762 1454,762 1354,762 1255,763 1155,763 1055,764 955,764 856,765 756,766 656,767 556,768 457,769"/>
                <Baseline points="457,789 556,788 656,787 756,786 856,785 955,784 1055,784 1155,783 1255,783 1354,782 1454,782 1554,782 1654,782 1753,782 1853,781 1953,781 2053,781 2152,781 2252,781 2352,781 2452,781"/>
                <TextEquiv>
                    <Unicode>und von Polon, den herczogen von Sachsen und Lunemburg, dem erczbischove von Meideburg, den herczogen von Brunswig, von Stetyn, von Mekelmburg und den fursten von Anhalt eines teiles erblichen und ewiclichen und eines teiles czu pfantschafft</Unicode>
                </TextEquiv>
            </TextLine>
            <TextLine id="r2l30" custom="readingOrder {index:27;} place {offset:182; length:11;}">
                <Coords points="460,820 559,818 658,817 757,815 857,815 956,814 1055,813 1154,812 1254,812 1353,812 1452,811 1551,811 1651,811 1750,811 1849,811 1948,811 2048,810 2147,810 2246,810 2345,809 2445,809 2445,779 2345,779 2246,780 2147,780 2048,780 1948,781 1849,781 1750,781 1651,781 1551,781 1452,781 1353,782 1254,782 1154,782 1055,783 956,784 857,785 757,785 658,787 559,788 460,790"/>
                <Baseline points="460,810 559,808 658,807 757,805 857,805 956,804 1055,803 1154,802 1254,802 1353,802 1452,801 1551,801 1651,801 1750,801 1849,801 1948,801 2048,800 2147,800 2246,800 2345,799 2445,799"/>
                <TextEquiv>
                    <Unicode>umb sulche grozze summen geldes, des dieselben land und vesten kawme wert gesein mochten abgebrochen, abgedrungen und abgerissen sein, und das auch dasselbe furstentum und marke czu Brandemburg ane vorsichtigen rat, schirm und hulffe des</Unicode>
                </TextEquiv>
            </TextLine>
            <TextLine id="r2l31" custom="readingOrder {index:28;} place {offset:41; length:6;} place {offset:190; length:6;}">
                <Coords points="457,838 556,837 656,836 755,835 855,835 955,834 1054,833 1154,833 1253,832 1353,832 1453,831 1552,831 1652,831 1751,830 1851,830 1951,830 2050,830 2150,829 2249,829 2349,829 2449,828 2449,798 2349,799 2249,799 2150,799 2050,800 1951,800 1851,800 1751,800 1652,801 1552,801 1453,801 1353,802 1253,802 1154,803 1054,803 955,804 855,805 755,805 656,806 556,807 457,808"/>
                <Baseline points="457,828 556,827 656,826 755,825 855,825 955,824 1054,823 1154,823 1253,822 1353,822 1453,821 1552,821 1652,821 1751,820 1851,820 1951,820 2050,820 2150,819 2249,819 2349,819 2449,818"/>
                <TextEquiv>
                    <Unicode>vorgenanten kuniges und kunigreiches czu Beheim, landen und lewten, mitnichte widerbracht werden mochten, noch in ganczen steten fride gesetzet. Sunderlichen do von wann das kunigreiche czu Beheim seine furstentum und lande an manigen orten mit der</Unicode>
                </TextEquiv>
            </TextLine>
            <TextLine id="r2l32" custom="readingOrder {index:29;} place {offset:21; length:11;} place {offset:208; length:11;} place {offset:239; length:6;}">
                <Coords points="459,856 558,855 658,854 757,854 857,853 957,853 1056,852 1156,852 1255,851 1355,851 1455,851 1554,851 1654,850 1753,850 1853,850 1953,850 2052,849 2152,849 2251,849 2351,848 2451,848 2451,818 2351,818 2251,819 2152,819 2052,819 1953,820 1853,820 1753,820 1654,820 1554,821 1455,821 1355,821 1255,821 1156,822 1056,822 957,823 857,823 757,824 658,824 558,825 459,826"/>
                <Baseline points="459,846 558,845 658,844 757,844 857,843 957,843 1056,842 1156,842 1255,841 1355,841 1455,841 1554,841 1654,840 1753,840 1853,840 1953,840 2052,839 2152,839 2251,839 2351,838 2451,838"/>
                <TextEquiv>
                    <Unicode>egenanten marken czu Brandemburg ane allerleye ander fursten und herren lande underscheide und mitteil an einander gemerken und stiezzen, und wann auch scheimbarlichen offembar were, das dieselben marken czu Brandemburg derselbe kunig von Beheim</Unicode>
                </TextEquiv>
            </TextLine>
            <TextLine id="r2l33" custom="readingOrder {index:30;} place {offset:38; length:6;} place {offset:191; length:6;} place {offset:219; length:11;}">
                <Coords points="465,874 564,873 663,873 763,872 862,872 962,871 1061,871 1161,870 1260,870 1360,870 1459,870 1558,870 1658,869 1757,869 1857,869 1956,869 2056,869 2155,869 2255,869 2354,869 2454,869 2454,839 2354,839 2255,839 2155,839 2056,839 1956,839 1857,839 1757,839 1658,839 1558,840 1459,840 1360,840 1260,840 1161,840 1061,841 962,841 862,842 763,842 663,843 564,843 465,844"/>
                <Baseline points="465,864 564,863 663,863 763,862 862,862 962,861 1061,861 1161,860 1260,860 1360,860 1459,860 1558,860 1658,859 1757,859 1857,859 1956,859 2056,859 2155,859 2255,859 2354,859 2454,859"/>
                <TextEquiv>
                    <Unicode>mit seinen und seines kunigreichs czu Beheim erplichen landen, lewten, stetten, vesten und auch merklichen grozzen summen bereites geldes gekawfft hette, und auch das der egenanten kunig von Beheim dieselben marken czu Brandemburg, die vilnahen al¬</Unicode>
                </TextEquiv>
            </TextLine>
            <TextLine id="r2l34" custom="readingOrder {index:31;}">
                <Coords points="461,893 559,893 658,892 757,892 856,891 955,891 1054,891 1153,891 1252,891 1351,891 1450,890 1548,890 1647,890 1746,890 1845,890 1944,890 2043,890 2142,890 2241,889 2340,889 2439,889 2439,859 2340,859 2241,859 2142,860 2043,860 1944,860 1845,860 1746,860 1647,860 1548,860 1450,860 1351,861 1252,861 1153,861 1054,861 955,861 856,861 757,862 658,862 559,863 461,863"/>
                <Baseline points="461,883 559,883 658,882 757,882 856,881 955,881 1054,881 1153,881 1252,881 1351,881 1450,880 1548,880 1647,880 1746,880 1845,880 1944,880 2043,880 2142,880 2241,879 2340,879 2439,879"/>
                <TextEquiv>
                    <Unicode>czemale vorpfemdet und vorseczet was, mit seines kunigreiches erblichem gelde und gute yeczunt in kurczer czeit merklichen und nuczlichen widerbracht, geloset und mit Gotes hulffe fridlichen gemachet hette und er auch doran noch teglichen und fur¬</Unicode>
                </TextEquiv>
            </TextLine>
            <TextLine id="r2l35" custom="readingOrder {index:32;}">
                <Coords points="468,914 566,913 665,913 764,912 863,912 962,912 1060,912 1159,912 1258,912 1357,912 1456,912 1554,912 1653,912 1752,912 1851,912 1950,912 2048,912 2147,912 2246,912 2345,912 2444,912 2444,882 2345,882 2246,882 2147,882 2048,882 1950,882 1851,882 1752,882 1653,882 1554,882 1456,882 1357,882 1258,882 1159,882 1060,882 962,882 863,882 764,882 665,883 566,883 468,884"/>
                <Baseline points="468,904 566,903 665,903 764,902 863,902 962,902 1060,902 1159,902 1258,902 1357,902 1456,902 1554,902 1653,902 1752,902 1851,902 1950,902 2048,902 2147,902 2246,902 2345,902 2444,902"/>
                <TextEquiv>
                    <Unicode>sichticlichen seinen fleizz und arebeit kerte und wendte. Und haben uns auch fleizziclichen gebeten, das wir eygentlichen bedenken wolten, so des heiligen romischen reiches nemliche sulche furstentume uff die dasselbe reiche usgeseczet und gebawet ist</Unicode>
                </TextEquiv>
            </TextLine>
            <TextLine id="r2l36" custom="readingOrder {index:33;}">
                <Coords points="462,934 561,933 660,932 759,932 858,932 958,932 1057,932 1156,932 1255,932 1354,932 1454,932 1553,933 1652,933 1751,934 1850,934 1950,934 2049,935 2148,935 2247,935 2346,935 2446,935 2446,905 2346,905 2247,905 2148,905 2049,905 1950,904 1850,904 1751,904 1652,903 1553,903 1454,902 1354,902 1255,902 1156,902 1057,902 958,902 858,902 759,902 660,902 561,903 462,904"/>
                <Baseline points="462,924 561,923 660,922 759,922 858,922 958,922 1057,922 1156,922 1255,922 1354,922 1454,922 1553,923 1652,923 1751,924 1850,924 1950,924 2049,925 2148,925 2247,925 2346,925 2446,925"/>
                <TextEquiv>
                    <Unicode>mit sulcher bezzerungen eynungen fride und gemache widerbracht und gesterket wurden das denne derselben furstentume vorweser und fursten dem romischen reiche und desselben reiches keysern und kunigen nuczlichen geraten und gehelffen mochten,</Unicode>
                </TextEquiv>
            </TextLine>
            <TextLine id="r2l37" custom="readingOrder {index:34;} place {offset:62; length:6;} place {offset:180; length:11;}">
                <Coords points="451,953 531,952 611,952 691,951 772,951 852,951 932,951 1012,951 1093,951 1173,951 1253,951 1333,952 1414,952 1494,952 1574,952 1654,953 1735,953 1815,953 1895,953 1975,954 2449,955 2443,927 1975,924 1895,923 1815,923 1735,923 1654,923 1574,922 1494,922 1414,922 1333,922 1253,921 1173,921 1093,921 1012,921 932,921 852,921 772,921 691,921 611,922 531,922 451,923"/>
                <Baseline points="451,943 531,942 611,942 691,941 772,941 852,941 932,941 1012,941 1093,941 1173,941 1253,941 1333,942 1414,942 1494,942 1574,942 1654,943 1735,943 1815,943 1895,943 1975,944 2443,950"/>
                <TextEquiv>
                    <Unicode>und beynamen uff die rede, das kunige und das kunigreiche czu Beheim sulcher lande, stette und vesten und auch merkliche grozze summen geldes, die sie uff die egenanten marken czu Brandemburg gewendet haben und noch teglichen doruff wenden nucz¬</Unicode>
                </TextEquiv>
            </TextLine>
            <TextLine id="r2l39" custom="readingOrder {index:35;}">
                <Coords points="460,973 559,972 658,972 757,972 857,972 956,972 1055,972 1155,972 1254,972 1353,972 1453,972 1552,972 1651,972 1750,972 1850,972 1949,973 2048,973 2148,973 2247,973 2346,973 2446,972 2446,942 2346,943 2247,943 2148,943 2048,943 1949,943 1850,942 1750,942 1651,942 1552,942 1453,942 1353,942 1254,942 1155,942 1055,942 956,942 857,942 757,942 658,942 559,942 460,943"/>
                <Baseline points="460,963 559,962 658,962 757,962 857,962 956,962 1055,962 1155,962 1254,962 1353,962 1453,962 1552,962 1651,962 1750,962 1850,962 1949,963 2048,963 2148,963 2247,963 2346,963 2446,962"/>
                <TextEquiv>
                    <Unicode>zen, ane schaden beleiben und die nicht vorloren, das wir als ein romischer keyser alle sulche obgeschribne eynungen, stucken und sachen von keyserlicher macht geruchten bestetigen und gevestnen. Des haben wir eygentlichen betrachtet sulche manigfaldi¬</Unicode>
                </TextEquiv>
            </TextLine>
            <TextLine id="r2l40" custom="readingOrder {index:36;} place {offset:75; length:11;}">
                <Coords points="455,992 554,992 653,991 753,991 852,991 952,991 1051,991 1150,992 1250,992 1349,992 1449,992 1548,992 1647,993 1747,993 1846,993 1946,993 2045,993 2144,993 2244,993 2343,992 2443,992 2443,962 2343,962 2244,963 2144,963 2045,963 1946,963 1846,963 1747,963 1647,963 1548,962 1449,962 1349,962 1250,962 1150,962 1051,961 952,961 852,961 753,961 653,961 554,962 455,962"/>
                <Baseline points="455,982 554,982 653,981 753,981 852,981 952,981 1051,981 1150,982 1250,982 1349,982 1449,982 1548,982 1647,983 1747,983 1846,983 1946,983 2045,983 2144,983 2244,983 2343,982 2443,982"/>
                <TextEquiv>
                    <Unicode>ge und redliche bete und auch offembare notdurfft der egenanten marken czu Brandemburg, dorumb durch sulcher obgenanten bete, sachen und stucken willen, die unsern mut billichen und redlichen beweget und dorczu geneyget haben, sunderlichen dem hey¬</Unicode>
                </TextEquiv>
            </TextLine>
            <TextLine id="r2l41" custom="readingOrder {index:37;} place {offset:88; length:11;} place {offset:217; length:11;} place {offset:237; length:5;}">
                <Coords points="464,1012 563,1012 662,1012 761,1012 860,1012 960,1012 1059,1012 1158,1012 1257,1012 1356,1013 1456,1013 1555,1013 1654,1014 1753,1014 1852,1014 1952,1014 2051,1014 2150,1014 2249,1014 2348,1013 2448,1012 2448,982 2348,983 2249,984 2150,984 2051,984 1952,984 1852,984 1753,984 1654,984 1555,983 1456,983 1356,983 1257,982 1158,982 1059,982 960,982 860,982 761,982 662,982 563,982 464,982"/>
                <Baseline points="464,1002 563,1002 662,1002 761,1002 860,1002 960,1002 1059,1002 1158,1002 1257,1002 1356,1003 1456,1003 1555,1003 1654,1004 1753,1004 1852,1004 1952,1004 2051,1004 2150,1004 2249,1004 2348,1003 2448,1002"/>
                <TextEquiv>
                    <Unicode>ligen romischen reiche czu eren und wierden, und uff die rede, das derselben marken czu Brandemburg lande und vesten bey dem heyligen romischen reiche beleiben und nicht bey den egenanten kunigen und kunigreichen czu Dennemarken und czu Polon, die</Unicode>
                </TextEquiv>
            </TextLine>
            <TextLine id="r2l42" custom="readingOrder {index:38;} place {offset:114; length:11;}">
                <Coords points="460,1031 559,1031 658,1031 757,1032 856,1032 955,1032 1054,1033 1153,1033 1252,1033 1351,1034 1450,1034 1549,1034 1648,1034 1747,1034 1846,1034 1945,1034 2044,1034 2143,1034 2242,1034 2341,1034 2440,1033 2440,1003 2341,1004 2242,1004 2143,1004 2044,1004 1945,1004 1846,1004 1747,1004 1648,1004 1549,1004 1450,1004 1351,1004 1252,1003 1153,1003 1054,1003 955,1002 856,1002 757,1002 658,1001 559,1001 460,1001"/>
                <Baseline points="460,1021 559,1021 658,1021 757,1022 856,1022 955,1022 1054,1023 1153,1023 1252,1023 1351,1024 1450,1024 1549,1024 1648,1024 1747,1024 1846,1024 1945,1024 2044,1024 2143,1024 2242,1024 2341,1024 2440,1023"/>
                <TextEquiv>
                    <Unicode>demselben heiligen romischen reiche nichtes bekennen noch von yn halten wollen, und auch das derselben marken czu Brandemburg von den und andern umbgesezznen fursten und herren furbas nicht mer abgebrochen und abgedrungen werde, und beynamen</Unicode>
                </TextEquiv>
            </TextLine>
            <TextLine id="r2l43" custom="readingOrder {index:39;} place {offset:85; length:11;}">
                <Coords points="456,1050 555,1051 654,1051 754,1052 853,1052 953,1053 1052,1053 1151,1054 1251,1054 1350,1055 1450,1055 1549,1055 1648,1055 1748,1056 1847,1056 1947,1056 2046,1056 2145,1056 2245,1055 2344,1055 2444,1055 2444,1025 2344,1025 2245,1025 2145,1026 2046,1026 1947,1026 1847,1026 1748,1026 1648,1025 1549,1025 1450,1025 1350,1025 1251,1024 1151,1024 1052,1023 953,1023 853,1022 754,1022 654,1021 555,1021 456,1020"/>
                <Baseline points="456,1040 555,1041 654,1041 754,1042 853,1042 953,1043 1052,1043 1151,1044 1251,1044 1350,1045 1450,1045 1549,1045 1648,1045 1748,1046 1847,1046 1947,1046 2046,1046 2145,1046 2245,1045 2344,1045 2444,1045"/>
                <TextEquiv>
                    <Unicode>auch durch ewigen nucz, vride und selikeit des egenanten furstentumes der marken czu Brandemburg, seiner lande und lewte. Haben wir mit wolbedachtem mute, rechter wissen und rate unserr und des reiches fursten, graven und getrewen, die czu den</Unicode>
                </TextEquiv>
            </TextLine>
            <TextLine id="r2l44" custom="readingOrder {index:40;}">
                <Coords points="457,1070 556,1071 656,1072 755,1072 855,1073 954,1073 1054,1074 1153,1074 1253,1074 1352,1075 1452,1075 1551,1075 1651,1075 1750,1076 1850,1076 1949,1076 2049,1076 2148,1075 2248,1075 2347,1075 2447,1075 2447,1045 2347,1045 2248,1045 2148,1045 2049,1046 1949,1046 1850,1046 1750,1046 1651,1045 1551,1045 1452,1045 1352,1045 1253,1044 1153,1044 1054,1044 954,1043 855,1043 755,1042 656,1042 556,1041 457,1040"/>
                <Baseline points="457,1060 556,1061 656,1062 755,1062 855,1063 954,1063 1054,1064 1153,1064 1253,1064 1352,1065 1452,1065 1551,1065 1651,1065 1750,1066 1850,1066 1949,1066 2049,1066 2148,1065 2248,1065 2347,1065 2447,1065"/>
                <TextEquiv>
                    <Unicode>czeiten bey uns waren die, vorbeschribene eynungen und sachen, als die uff beydenseiten begriffen und gescheen sein, und auch alle und yegliche brieve, die doruber geben sein, von worte czu worte bestetigt und bevestent, bestetigen und bevestnen von key¬</Unicode>
                </TextEquiv>
            </TextLine>
            <TextLine id="r2l45" custom="readingOrder {index:41;}">
                <Coords points="460,1089 559,1090 658,1091 757,1092 856,1093 955,1093 1054,1094 1153,1094 1252,1095 1351,1095 1450,1095 1549,1095 1648,1096 1747,1096 1846,1095 1945,1095 2044,1095 2143,1095 2242,1094 2341,1094 2440,1093 2440,1063 2341,1064 2242,1064 2143,1065 2044,1065 1945,1065 1846,1065 1747,1066 1648,1066 1549,1065 1450,1065 1351,1065 1252,1065 1153,1064 1054,1064 955,1063 856,1063 757,1062 658,1061 559,1060 460,1059"/>
                <Baseline points="460,1079 559,1080 658,1081 757,1082 856,1083 955,1083 1054,1084 1153,1084 1252,1085 1351,1085 1450,1085 1549,1085 1648,1086 1747,1086 1846,1085 1945,1085 2044,1085 2143,1085 2242,1084 2341,1084 2440,1083"/>
                <TextEquiv>
                    <Unicode>serlicher mechte vollenkomenheit mit crafft dicz brieves, und seczen und gebieten mit unser keyserlichen macht ewiclichen, das alle sulche obgenanten eynungen und sachen, als die in iren synnen, meynungen, puncten und stucken begriffen sein, und auch alle</Unicode>
                </TextEquiv>
            </TextLine>
            <TextLine id="r2l46" custom="readingOrder {index:42;}">
                <Coords points="453,1108 552,1109 651,1110 751,1111 850,1112 950,1112 1049,1113 1149,1113 1248,1114 1348,1114 1447,1114 1546,1114 1646,1115 1745,1115 1845,1114 1944,1114 2044,1114 2143,1114 2243,1114 2342,1114 2442,1114 2442,1084 2342,1084 2243,1084 2143,1084 2044,1084 1944,1084 1845,1084 1745,1085 1646,1085 1546,1084 1447,1084 1348,1084 1248,1084 1149,1083 1049,1083 950,1082 850,1082 751,1081 651,1080 552,1079 453,1078"/>
                <Baseline points="453,1098 552,1099 651,1100 751,1101 850,1102 950,1102 1049,1103 1149,1103 1248,1104 1348,1104 1447,1104 1546,1104 1646,1105 1745,1105 1845,1104 1944,1104 2044,1104 2143,1104 2243,1104 2342,1104 2442,1104"/>
                <TextEquiv>
                    <Unicode>und yegliche brieve, die dorober an beidenseiten gemachet und geben sein, von worte czu worte, als die begriffen sein, ewige crafft und macht haben sullen und das dowider nyemant getun muge oder sulle in dheynenweis, in welcherleye adel, eren, wierden oder wesen</Unicode>
                </TextEquiv>
            </TextLine>
            <TextLine id="r2l47" custom="readingOrder {index:43;}">
                <Coords points="452,1127 551,1128 651,1129 751,1130 851,1131 951,1131 1050,1132 1150,1132 1250,1133 1350,1133 1450,1133 1549,1133 1649,1134 1749,1134 1849,1134 1949,1134 2048,1133 2148,1133 2248,1133 2348,1133 2448,1133 2448,1103 2348,1103 2248,1103 2148,1103 2048,1103 1949,1104 1849,1104 1749,1104 1649,1104 1549,1103 1450,1103 1350,1103 1250,1103 1150,1102 1050,1102 951,1101 851,1101 751,1100 651,1099 551,1098 452,1097"/>
                <Baseline points="452,1117 551,1118 651,1119 751,1120 851,1121 951,1121 1050,1122 1150,1122 1250,1123 1350,1123 1450,1123 1549,1123 1649,1124 1749,1124 1849,1124 1949,1124 2048,1123 2148,1123 2248,1123 2348,1123 2448,1123"/>
                <TextEquiv>
                    <Unicode>der sey, und ob er auch in kuniglichen wirden were und wer es sache das dowider yemant tete mit welcherleye sachen das were das sal untuglichen und uncrefftig sein und czu allen und yeglichen obgeschribnen sachen und sulhen brieven die doruber geben sein ewi¬</Unicode>
                </TextEquiv>
            </TextLine>
            <TextLine id="r2l48" custom="readingOrder {index:44;}">
                <Coords points="456,1147 555,1149 655,1149 755,1150 855,1151 955,1152 1055,1152 1155,1153 1255,1153 1355,1154 1455,1154 1554,1154 1654,1154 1754,1154 1854,1154 1954,1154 2054,1153 2154,1153 2254,1152 2354,1152 2454,1151 2454,1121 2354,1122 2254,1122 2154,1123 2054,1123 1954,1124 1854,1124 1754,1124 1654,1124 1554,1124 1455,1124 1355,1124 1255,1123 1155,1123 1055,1122 955,1122 855,1121 755,1120 655,1119 555,1119 456,1117"/>
                <Baseline points="456,1137 555,1139 655,1139 755,1140 855,1141 955,1142 1055,1142 1155,1143 1255,1143 1355,1144 1455,1144 1554,1144 1654,1144 1754,1144 1854,1144 1954,1144 2054,1143 2154,1143 2254,1142 2354,1142 2454,1141"/>
                <TextEquiv>
                    <Unicode>clichen keynerleye schaden brengen were. Auch das in disen abgeschribnen sachen, oder in disen gegenwortigen unsern keyserlichen brieven, oder in dheynen andern brieven, die uber die vorgenanten eynungen und sachen gemachet und geben sein, dheynerleye gebre¬</Unicode>
                </TextEquiv>
            </TextLine>
            <TextLine id="r2l49" custom="readingOrder {index:45;}">
                <Coords points="451,1168 550,1169 650,1170 750,1171 850,1172 950,1173 1050,1173 1149,1174 1249,1174 1349,1174 1449,1174 1549,1174 1649,1174 1749,1174 1848,1174 1948,1174 2048,1173 2148,1173 2248,1172 2348,1172 2448,1171 2448,1141 2348,1142 2248,1142 2148,1143 2048,1143 1948,1144 1848,1144 1749,1144 1649,1144 1549,1144 1449,1144 1349,1144 1249,1144 1149,1144 1050,1143 950,1143 850,1142 750,1141 650,1140 550,1139 451,1138"/>
                <Baseline points="451,1158 550,1159 650,1160 750,1161 850,1162 950,1163 1050,1163 1149,1164 1249,1164 1349,1164 1449,1164 1549,1164 1649,1164 1749,1164 1848,1164 1948,1164 2048,1163 2148,1163 2248,1162 2348,1162 2448,1161"/>
                <TextEquiv>
                    <Unicode>chen were von vinsternuzze der worter von czweyfelhafftiger usrichtungen der synnen und ob dheynerleye czierheit und schonheit, die dorczu gehorten gelazzen weren, oder sust vorgezzen in dheyneweis, den erfullen wir mit vollenkomenheit keyserlicher</Unicode>
                </TextEquiv>
            </TextLine>
            <TextLine id="r2l50" custom="readingOrder {index:46;}">
                <Coords points="458,1189 556,1191 655,1192 753,1193 852,1194 951,1195 1049,1195 1148,1196 1246,1196 1345,1196 1444,1196 1542,1195 1641,1195 1739,1195 1838,1194 1937,1194 2035,1194 2134,1193 2232,1193 2331,1193 2430,1193 2430,1163 2331,1163 2232,1163 2134,1163 2035,1164 1937,1164 1838,1164 1739,1165 1641,1165 1542,1165 1444,1166 1345,1166 1246,1166 1148,1166 1049,1165 951,1165 852,1164 753,1163 655,1162 556,1161 458,1159"/>
                <Baseline points="458,1179 556,1181 655,1182 753,1183 852,1184 951,1185 1049,1185 1148,1186 1246,1186 1345,1186 1444,1186 1542,1185 1641,1185 1739,1185 1838,1184 1937,1184 2035,1184 2134,1183 2232,1183 2331,1183 2430,1183"/>
                <TextEquiv>
                    <Unicode>mechte were, auch das dheynerleye keyserrecht, die wir oder unsere vorfaren romische keyser oder kunige gemachet oder geseczet hetten, gewonheit ubungen, behaltungen oder gemeynes recht gesecze der lande, oder der stette, oder sust heimlich,</Unicode>
                </TextEquiv>
            </TextLine>
            <TextLine id="r2l51" custom="readingOrder {index:47;}">
                <Coords points="455,1212 554,1213 653,1213 753,1214 852,1214 951,1215 1051,1215 1150,1215 1249,1215 1349,1215 1448,1215 1547,1215 1647,1214 1746,1214 1845,1214 1945,1213 2044,1213 2143,1213 2243,1213 2342,1212 2442,1212 2442,1182 2342,1182 2243,1183 2143,1183 2044,1183 1945,1183 1845,1184 1746,1184 1647,1184 1547,1185 1448,1185 1349,1185 1249,1185 1150,1185 1051,1185 951,1185 852,1184 753,1184 653,1183 554,1183 455,1182"/>
                <Baseline points="455,1202 554,1203 653,1203 753,1204 852,1204 951,1205 1051,1205 1150,1205 1249,1205 1349,1205 1448,1205 1547,1205 1647,1204 1746,1204 1845,1204 1945,1203 2044,1203 2143,1203 2243,1203 2342,1202 2442,1202"/>
                <TextEquiv>
                    <Unicode>oder offembar und sunderliche gebot, die gemachet sein oder gemachet werden, do wider weren oder den egenanten sachen dheynerleye schaden brengen mochten, so meynen, gebieten, seczen, lewtern und erclaren wir von rechter wissen, mit crafft dicz brieves und keyser¬</Unicode>
                </TextEquiv>
            </TextLine>
            <TextLine id="r2l52" custom="readingOrder {index:48;}">
                <Coords points="451,1232 550,1233 649,1235 749,1235 848,1236 947,1236 1047,1237 1146,1237 1245,1237 1345,1236 1444,1236 1543,1236 1643,1235 1742,1235 1841,1235 1941,1234 2040,1234 2139,1234 2239,1234 2338,1234 2438,1234 2438,1204 2338,1204 2239,1204 2139,1204 2040,1204 1941,1204 1841,1205 1742,1205 1643,1205 1543,1206 1444,1206 1345,1206 1245,1207 1146,1207 1047,1207 947,1206 848,1206 749,1205 649,1205 550,1203 451,1202"/>
                <Baseline points="451,1222 550,1223 649,1225 749,1225 848,1226 947,1226 1047,1227 1146,1227 1245,1227 1345,1226 1444,1226 1543,1226 1643,1225 1742,1225 1841,1225 1941,1224 2040,1224 2139,1224 2239,1224 2338,1224 2438,1224"/>
                <TextEquiv>
                    <Unicode>licher mechte volkomenheit, das sie unkrefftig sein sullen und widerrufen vorderben und vornichten, dieselben mit derselben, unser keyserlichen mechte volkomenheit gleicherweis, als ob sie, von worte czu worte, in disem brieve begriffen weren, und ob sie auch</Unicode>
                </TextEquiv>
            </TextLine>
            <TextLine id="r2l53" custom="readingOrder {index:49;}">
                <Coords points="457,1252 555,1254 654,1255 752,1256 851,1257 950,1257 1048,1257 1147,1257 1246,1257 1344,1257 1443,1257 1542,1256 1640,1256 1739,1256 1838,1255 1936,1255 2035,1255 2134,1255 2232,1255 2331,1255 2430,1256 2430,1226 2331,1225 2232,1225 2134,1225 2035,1225 1936,1225 1838,1225 1739,1226 1640,1226 1542,1226 1443,1227 1344,1227 1246,1227 1147,1227 1048,1227 950,1227 851,1227 752,1226 654,1225 555,1224 457,1222"/>
                <Baseline points="457,1242 555,1244 654,1245 752,1246 851,1247 950,1247 1048,1247 1147,1247 1246,1247 1344,1247 1443,1247 1542,1246 1640,1246 1739,1246 1838,1245 1936,1245 2035,1245 2134,1245 2232,1245 2331,1245 2430,1246"/>
                <TextEquiv>
                    <Unicode>durch recht oder gewonheit worttclichen begriffen solten sein, in disem brieve, als verre sie den vorgenanten sachen, dheynen, schaden, brengen oder bringen mochten in dheynenweis, dovon vorbieten wir allermeniglichem, das nyemant disen gegenwortigen</Unicode>
                </TextEquiv>
            </TextLine>
            <TextLine id="r2l54" custom="readingOrder {index:50;}">
                <Coords points="456,1273 555,1274 654,1275 754,1276 853,1277 952,1278 1052,1278 1151,1279 1250,1279 1350,1279 1449,1279 1548,1278 1648,1278 1747,1278 1846,1278 1946,1277 2045,1277 2144,1277 2244,1276 2343,1276 2443,1276 2443,1246 2343,1246 2244,1246 2144,1247 2045,1247 1946,1247 1846,1248 1747,1248 1648,1248 1548,1248 1449,1249 1350,1249 1250,1249 1151,1249 1052,1248 952,1248 853,1247 754,1246 654,1245 555,1244 456,1243"/>
                <Baseline points="456,1263 555,1264 654,1265 754,1266 853,1267 952,1268 1052,1268 1151,1269 1250,1269 1350,1269 1449,1269 1548,1268 1648,1268 1747,1268 1846,1268 1946,1267 2045,1267 2144,1267 2244,1266 2343,1266 2443,1266"/>
                <TextEquiv>
                    <Unicode>brieff unserr bestetigungen gewaltes, geseczes, lewterungen, erfullungen, der gebrechen widerrufens und vornichtungen in dheyneweis, vorterbe noch dowider tu wer, aber dowider vrefelichen tete, der sal in unsere keyserlichen ungnaden swerlichen vorfallen sein</Unicode>
                </TextEquiv>
            </TextLine>
            <TextLine id="r2l55" custom="readingOrder {index:51;} person {offset:230; length:30; continued:true;} place {offset:254; length:6;}">
                <Coords points="456,1292 555,1294 654,1295 753,1296 852,1297 952,1298 1051,1298 1150,1299 1249,1299 1348,1299 1448,1299 1547,1299 1646,1299 1745,1299 1844,1299 1944,1298 2043,1298 2142,1297 2241,1297 2340,1296 2440,1295 2440,1265 2340,1266 2241,1267 2142,1267 2043,1268 1944,1268 1844,1269 1745,1269 1646,1269 1547,1269 1448,1269 1348,1269 1249,1269 1150,1269 1051,1268 952,1268 852,1267 753,1266 654,1265 555,1264 456,1262"/>
                <Baseline points="456,1282 555,1284 654,1285 753,1286 852,1287 952,1288 1051,1288 1150,1289 1249,1289 1348,1289 1448,1289 1547,1289 1646,1289 1745,1289 1844,1289 1944,1288 2043,1288 2142,1287 2241,1287 2340,1286 2440,1285"/>
                <TextEquiv>
                    <Unicode>und sal hundert tawsent mark lotiges geldes, czu rechter penen, bestanden sein, die sullen halb in unsere keyserlichen camer werden und das ander teil sol den gefalhnen, die sulches unrecht leyden, des sint geczewge der erwirdige Ludwig erczbischoff czu Mencze,</Unicode>
                </TextEquiv>
            </TextLine>
            <TextLine id="r2l56" custom="readingOrder {index:52;} person {offset:0; length:63; continued:true;} person {offset:81; length:101;} person {offset:222; length:19; continued:true;}">
                <Coords points="457,1313 555,1315 654,1316 752,1317 851,1317 950,1318 1048,1319 1147,1319 1246,1319 1344,1319 1443,1320 1542,1319 1640,1319 1739,1319 1838,1319 1936,1319 2035,1318 2134,1318 2232,1317 2331,1317 2430,1316 2430,1286 2331,1287 2232,1287 2134,1288 2035,1288 1936,1289 1838,1289 1739,1289 1640,1289 1542,1289 1443,1290 1344,1289 1246,1289 1147,1289 1048,1289 950,1288 851,1287 752,1287 654,1286 555,1285 457,1283"/>
                <Baseline points="457,1303 555,1305 654,1306 752,1307 851,1307 950,1308 1048,1309 1147,1309 1246,1309 1344,1309 1443,1310 1542,1309 1640,1309 1739,1309 1838,1309 1936,1309 2035,1308 2134,1308 2232,1307 2331,1307 2430,1306"/>
                <TextEquiv>
                    <Unicode>des heiligen romischen reiches in dewtschen landen erczcanczler, der hochgeborne Wenczlaw herczog von Sachsen und von Lunemburg, des selben romischen reiches erczmarschalk kurfursten, unsere lieben oheimen, die erwirdigen Johans erczbischoff</Unicode>
                </TextEquiv>
            </TextLine>
            <TextLine id="r2l57" custom="readingOrder {index:53;} person {offset:0; length:49; continued:true;} place {offset:4; length:5;} place {offset:38; length:4;} person {offset:51; length:32;} place {offset:74; length:9;} person {offset:85; length:54;} place {offset:96; length:7;} person {offset:141; length:26;} place {offset:155; length:12;} person {offset:169; length:22;} place {offset:181; length:10;} person {offset:193; length:22;} place {offset:206; length:9;} person {offset:217; length:23;} place {offset:230; length:10;} person {offset:242; length:15;} place {offset:252; length:5;}">
                <Coords points="452,1334 551,1335 650,1336 750,1337 849,1338 949,1338 1048,1339 1147,1339 1247,1340 1346,1340 1446,1340 1545,1340 1644,1340 1744,1340 1843,1340 1943,1340 2042,1340 2141,1340 2241,1340 2340,1339 2440,1339 2440,1309 2340,1309 2241,1310 2141,1310 2042,1310 1943,1310 1843,1310 1744,1310 1644,1310 1545,1310 1446,1310 1346,1310 1247,1310 1147,1309 1048,1309 949,1308 849,1308 750,1307 650,1306 551,1305 452,1304"/>
                <Baseline points="452,1324 551,1325 650,1326 750,1327 849,1328 949,1328 1048,1329 1147,1329 1247,1330 1346,1330 1446,1330 1545,1330 1644,1330 1744,1330 1843,1330 1943,1330 2042,1330 2141,1330 2241,1330 2340,1329 2440,1329"/>
                <TextEquiv>
                    <Unicode>czu Prage, des pebstlichen stules czu Rome legate, Peter erczbischoff czu Meidgburg, Johans czu Olomucz, unsers keyserlichen hofes canczler, Albrecht czum Lewthmuschel, Gerhart czu Hyldesheim, Fridrich czu Merseburg, Albrecht czu Halberstat, Peter czu Lubus</Unicode>
                </TextEquiv>
            </TextLine>
            <TextLine id="r2l58" custom="readingOrder {index:54;} person {offset:4; length:34;} place {offset:17; length:11;} person {offset:56; length:47;} place {offset:78; length:7;} place {offset:94; length:9;} person {offset:105; length:30;} place {offset:128; length:7;} person {offset:137; length:31;} place {offset:158; length:10;} person {offset:170; length:28;} place {offset:191; length:7;} person {offset:223; length:20;} place {offset:236; length:7;} person {offset:245; length:3; continued:true;}">
                <Coords points="452,1355 551,1356 651,1357 751,1358 851,1359 951,1360 1051,1360 1151,1361 1251,1361 1351,1361 1451,1362 1550,1362 1650,1362 1750,1361 1850,1361 1950,1361 2050,1361 2150,1360 2250,1360 2350,1360 2450,1359 2450,1329 2350,1330 2250,1330 2150,1330 2050,1331 1950,1331 1850,1331 1750,1331 1650,1332 1550,1332 1451,1332 1351,1331 1251,1331 1151,1331 1051,1330 951,1330 851,1329 751,1328 651,1327 551,1326 452,1325"/>
                <Baseline points="452,1345 551,1346 651,1347 751,1348 851,1349 951,1350 1051,1350 1151,1351 1251,1351 1351,1351 1451,1352 1550,1352 1650,1352 1750,1351 1850,1351 1950,1351 2050,1351 2150,1350 2250,1350 2350,1350 2450,1349"/>
                <TextEquiv>
                    <Unicode>und Dyetrich czu Brandemburg, bischove die hochgebornen Albrecht herczoge von Sachsen und von Lunemburg, Fridrich markgraff von Meissen, Albrecht herczog von Mekelmburg, Ruprecht herczog von Lignicz, unsere lieben oheimen, Przimsla von Teschin, Bo¬</Unicode>
                </TextEquiv>
            </TextLine>
            <TextLine id="r2l59" custom="readingOrder {index:55;} person {offset:0; length:16; continued:true;} place {offset:10; length:6;} person {offset:18; length:18;} place {offset:31; length:5;} person {offset:38; length:18;} place {offset:51; length:5;} person {offset:61; length:32;} place {offset:74; length:8;} person {offset:129; length:64;} place {offset:161; length:9;} place {offset:185; length:8;} person {offset:195; length:21;} place {offset:208; length:8;} person {offset:218; length:19;} place {offset:231; length:6;} person {offset:239; length:6; continued:true;}">
                <Coords points="452,1375 551,1376 651,1377 750,1379 850,1380 949,1380 1049,1381 1148,1382 1248,1382 1347,1382 1447,1382 1546,1382 1646,1382 1745,1382 1845,1382 1944,1381 2044,1381 2143,1381 2243,1380 2342,1380 2442,1379 2442,1349 2342,1350 2243,1350 2143,1351 2044,1351 1944,1351 1845,1352 1745,1352 1646,1352 1546,1352 1447,1352 1347,1352 1248,1352 1148,1352 1049,1351 949,1350 850,1350 750,1349 651,1347 551,1346 452,1345"/>
                <Baseline points="452,1365 551,1366 651,1367 750,1369 850,1370 949,1370 1049,1371 1148,1372 1248,1372 1347,1372 1447,1372 1546,1372 1646,1372 1745,1372 1845,1372 1944,1371 2044,1371 2143,1371 2243,1370 2342,1370 2442,1369"/>
                <TextEquiv>
                    <Unicode>gusla von Stetyn, Heinrich vom Brige, Heinrich von Sagan und Heinrich von Littowen, herczogen, unsere lieben sweger und fursten, die edlen Johans, burggraff czu Meigdburg und grafe czu Hardecke, Heinrich von Holczten, Albrecht von Ryppen, Cunrat</Unicode>
                </TextEquiv>
            </TextLine>
            <TextLine id="r2l60" custom="readingOrder {index:56;} person {offset:0; length:14; continued:true;} place {offset:4; length:10;} person {offset:16; length:23;} place {offset:29; length:10;} person {offset:44; length:30;} place {offset:53; length:13;} person {offset:76; length:31;} place {offset:99; length:8;} person {offset:109; length:21;} place {offset:125; length:5;} person {offset:132; length:10;} person {offset:144; length:35;} place {offset:169; length:10;} person {offset:181; length:17;} place {offset:191; length:7;} person {offset:200; length:20;} place {offset:211; length:9;} person {offset:222; length:17; continued:true;} place {offset:233; length:6; continued:true;}">
                <Coords points="456,1396 555,1397 655,1399 755,1400 854,1400 954,1401 1054,1402 1153,1402 1253,1403 1353,1403 1453,1403 1552,1403 1652,1403 1752,1402 1851,1402 1951,1401 2051,1401 2150,1400 2250,1399 2350,1398 2450,1397 2450,1367 2350,1368 2250,1369 2150,1370 2051,1371 1951,1371 1851,1372 1752,1372 1652,1373 1552,1373 1453,1373 1353,1373 1253,1373 1153,1372 1054,1372 954,1371 854,1370 755,1370 655,1369 555,1367 456,1366"/>
                <Baseline points="456,1386 555,1387 655,1389 755,1390 854,1390 954,1391 1054,1392 1153,1392 1253,1393 1353,1393 1453,1393 1552,1393 1652,1393 1752,1392 1851,1392 1951,1391 2051,1391 2150,1390 2250,1389 2350,1388 2450,1387"/>
                <TextEquiv>
                    <Unicode>von Regenstein, Burghard von Schrapelow und Otte von Hademerslewen, graven, Grafft und Gerlach von Hoenloch, Wedeke vogt vom Berge, Petir Gast, Benesch und Wenczlaw von Wartemberg, Thyme von Coldicz, Borsze von Risumburg, Johans von Rosem¬</Unicode>
                </TextEquiv>
            </TextLine>
            <TextLine id="r2l61" custom="readingOrder {index:57;} person {offset:0; length:4; continued:true;} place {offset:0; length:4; continued:true;} person {offset:6; length:20;} place {offset:18; length:8;} person {offset:28; length:21;} place {offset:38; length:11;} person {offset:51; length:22;} place {offset:61; length:12;} person {offset:75; length:18;} place {offset:86; length:7;} person {offset:95; length:18;} place {offset:108; length:5;} person {offset:115; length:32;} place {offset:137; length:10;}">
                <Coords points="455,1417 553,1418 652,1419 751,1421 849,1422 948,1422 1047,1423 1145,1424 1244,1424 1343,1424 1442,1425 1540,1425 1639,1424 1738,1424 1836,1424 1935,1423 2034,1423 2132,1422 2231,1421 2330,1420 2429,1419 2429,1389 2330,1390 2231,1391 2132,1392 2034,1393 1935,1393 1836,1394 1738,1394 1639,1394 1540,1395 1442,1395 1343,1394 1244,1394 1145,1394 1047,1393 948,1392 849,1392 751,1391 652,1389 553,1388 455,1387"/>
                <Baseline points="455,1407 553,1408 652,1409 751,1411 849,1412 948,1412 1047,1413 1145,1414 1244,1414 1343,1414 1442,1415 1540,1415 1639,1414 1738,1414 1836,1414 1935,1413 2034,1413 2132,1412 2231,1411 2330,1410 2429,1409"/>
                <TextEquiv>
                    <Unicode>berg, Bohusla von Swamberg, Jesko von Kossowahora, Potho von Czastolowicz, Johans von Kotebus, Reinhart von Strel, Johans und Ulrich von Biberstein und anderer, vil unserr und des reiches lieben getrewen, mit urkunt dicz brieves vorsigelt, mit unserr</Unicode>
                </TextEquiv>
            </TextLine>
            <TextLine id="r2l62" custom="readingOrder {index:58;} place {offset:52; length:10;} date {offset:63; length:179; continued:true;year:0; day:0; month:0;}">
                <Coords points="456,1440 555,1441 654,1442 753,1443 852,1444 951,1445 1050,1446 1150,1446 1249,1447 1348,1447 1447,1447 1546,1447 1645,1447 1744,1447 1844,1446 1943,1445 2042,1445 2141,1444 2240,1443 2339,1442 2439,1440 2439,1410 2339,1412 2240,1413 2141,1414 2042,1415 1943,1415 1844,1416 1744,1417 1645,1417 1546,1417 1447,1417 1348,1417 1249,1417 1150,1416 1050,1416 951,1415 852,1414 753,1413 654,1412 555,1411 456,1410"/>
                <Baseline points="456,1430 555,1431 654,1432 753,1433 852,1434 951,1435 1050,1436 1150,1436 1249,1437 1348,1437 1447,1437 1546,1437 1645,1437 1744,1437 1844,1436 1943,1435 2042,1435 2141,1434 2240,1433 2339,1432 2439,1430"/>
                <TextEquiv>
                    <Unicode>keyserlichen maiestat ingesigele, der geben ist czu Tangermund noch Crists geburt do man czalt dreyczehnhundert jar dornoch in dem vierundsibnczigstem jare an sant Peters und Pauls tage der heiligen czwelffboten, unserr reiche in dem achtund¬</Unicode>
                </TextEquiv>
            </TextLine>
            <TextLine id="r2l63" custom="readingOrder {index:59;} date {offset:0; length:58; continued:true;year:0; day:0; month:0;}">
                <Coords points="477,1466 503,1466 529,1465 555,1465 581,1465 607,1465 633,1465 659,1465 685,1465 712,1466 738,1466 764,1466 790,1467 816,1467 842,1467 868,1467 894,1468 920,1468 947,1468 947,1438 920,1438 894,1438 868,1437 842,1437 816,1437 790,1437 764,1436 738,1436 712,1436 685,1435 659,1435 633,1435 607,1435 581,1435 555,1435 529,1435 503,1436 477,1436"/>
                <Baseline points="477,1456 503,1456 529,1455 555,1455 581,1455 607,1455 633,1455 659,1455 685,1455 712,1456 738,1456 764,1456 790,1457 816,1457 842,1457 868,1457 894,1458 920,1458 947,1458"/>
                <TextEquiv>
                    <Unicode>czwenczigstem und des keysertums in dem czwenczigstem jare.</Unicode>
                </TextEquiv>
            </TextLine>
            <TextEquiv>
                <Unicode>Wir Karl von Gotes gnaden romischer keyser czu allen czeiten merer des reichs und kunig czu Beheim, bekennen und tun kunt offenlich mit disem brieve allen den, die yn sehen oder horen lesen, wann alle fursten, geistliche und werltliche graven, freyen, dienstlute, ritterer, kneh¬
te und stete des furstentums der markgrafschafft und marken czu Brandemburg uns als einem romischem keyser furbracht und furgelegt haben, wie das sie durch ewigen frides beschuczungen und beschirmungen willen der marken czu Brandemburg, alle derselben marken, lande,
stete, slosse, lute, guter und czugehorungen, die vormals lange czeit mit manigfaldigem swerlichem kriege vorderbet und beschedigt ist und die auch die durchleuchtigen Wenczlaw kunig czu Beheim, markgraff czu Brandemburg und herczog in Slesien, Sigmund und Johans gebruder, unser
fursten und lieben sone, mit des kunigreichs und der kronen czu Beheim erblichen landen, steten, gutern und bereitem gelde vormals von dem hochgebornen Otten herczogen in Beyern, czu den czeiten markgrafen czu Brandemburg, irem swager, und von seinen brudern und vettern recht
und redlichen gekawfft haben und der sie auch als rechte fursten und markgrafen czu Brandemburg in gewerlichen lehnen, nucz und in gewere siczen und sein, sich czu dem kunigreiche und lande czu Beheim, der markgrafschafft czu Lusicz, den herczogtumen czu Breslaw, czu der Sweydnicz und
czu dem Jawr und andern landen, die czu demselben kunigreiche und der kronen czu Beheim gehoren, und disselbe kunigreiche sich hinwider in ewige eynunge und sazze czu eren und dienste dem heiligen romischen reiche genczlichen gesaczt haben, mit willen, wissen, gunst und
volenbort unsers als eines romischen keysers obristen lehenherren des egenanten furstentums und marken czu Brandemburg und die vorgenanten fursten, grafen, freyen, dienstlute, ritterer, knechte und stette den vorgenanten kunig Wenczlawn, Sigmunden und Johansen gebru¬
dern, und allen andern iren brudern, erben, erbeserben und nachkomenn, die nu sein und hernach geborn werden, und ob die alle nicht weren, dem hochgebornem Johansen markgrafen czu Merhern, unserm lieben bruder und fursten, allen seinen erben, erbes erben und
nachkomen, als markgrafen czu Brandemburg, iren rechten erpherren, gelobt und gesworn haben, das sie ewiclichen bey dem kunigreiche czu Beheim, der markgrafschafft czu Lusicz, den herczogtumen czu Breslaw, czu der Sweydnicz und czu dem Jawr und bey andern lan¬
den, die czu dem kunigreiche czu Beheim gehoren, ewiclichen beleiben sullen und wollen und sich do von nymmer scheiden noch scheiden lazzen durch dheynerleye sachen oder stucken willen in dheinenweis. Und furbasmer, ob es czu schulden queme, das die vorgenanten kunig Wenczlaws bruder, seine
oder ire erben oder vettern oder derselben erben oder nachkomen, die nu sein oder in kunfftigen czeiten werden, ire erpherren markgrafen czu Brandemburg, irer weren einer, oder mer sie die obgenanten fursten, graven, freyen, dienstlute, ritterer, knechte, und stette der mar¬
ken czu Brandemburg oder dieselben marken czu Brandemburg, czemale oder derselben marken ein teyl, von dem kunigreiche czu Beheim und den landen, die darczu gehoren, von dem kunige czu Beheim, oder seinen brudern, iren erben, vettern oder nachkomen, die in czeiten ire
erpherren, markgrafen czu Brandemburg sein und werden, oder ob sie der marken czu Brandemburg ein teil von dem lande derselben marken czu Brandemburg und dem kunigreiche czu Beheim scheiden, vorgeben, vorkawffen, vorseczen, vorwechseln oder empfremden wolten, schieden,
vorgeben, vorkawfften, vorseczten, vorwechslten oder die empfremdten in dheineweis, das denne die vorgenanten fursten graven, freyen, dienstlute, ritterer, knechte und stette der marken czu Brandemburg dem oder den iren erbherren, markgrafen czu Brandemburg, die das tun
wolten oder teten, nichtes pflichtig oder vorbunden sein sullen von huldungen wegen oder sust, noch den oder die fur ire herren haben oder halten, alle die weile, das die nicht von sulchen sachen liezzen und die widerteten, sunder sie sullen sich denne halten an den kunig czu Beheim
und an andere seine bruder, vettern, erben und nachkomen, die denne ire erpherren, markgrafen czu Brandemburg, sein oder werden und sulche scheydungen, vorgebungen, vorkawffungen, vorseczungen, vorwechslungen oder empfremdungen nicht teten oder getan hetten, uncz an die czeit,
bis derselbe oder dieselben do von genczlichen liezzen oder das widertan hetten. Und furbasmer haben und die vorgenanten fursten, graven, freyen, dientstlute, ritterer, knechte und stete furbracht, das sie gelobt und czu den heiligen gesworn haben fur sich, ire erben nachkomen und
stete, ab es czu schulden kumpt, das der vorgenanten kunig Wenczlaw und seine bruder und ir aller erben, erbes erben und nachkomen, kunige czu Beheim und markgraven czu Brandemburg und auch der vorgenanten markgraff Johans von Merhern, seine erben, erbes erben und nach¬
komen allen absturben, do Got fur sey das sie, denne einen yeglichen kunig von Beheim, der denne in czeiten wirdet und ist, und mit ym seine erben und derselben erben, erbes erben und nachkomen ewiclichen fur markgraven czu Brandemburg, ir rechte naturlichen erpherren und
nyemanden anders haben und habten sullen, und sich von yn, iren erben und nachkomen, kunigen czu Beheim, dem kunigreiche czu Beheim seinen egenanten furstentumen, herschefften und auch von den landen, die dorczu gehoren, nicht scheiden noch scheiden lazzen in dheinenweis, sunder
das sie yn als iren rechten erpherren getrewe, gewer und gehorsam sein sullen, als das alles in sulchen brieven, die dorober an beidenseiten geben sein, vollenkomenlicher ist begriffen. Und wann auch die obgenanten fursten, graven freyen, dienstlute, ritterer, knechte und
stete fur sich, ire erben und nachkomen uff eine seiten und die egenanten unser sone, kunig Wenczlaw, Sigmund und Johans fur sich ander unser und ire erben und nachkomen und auch der vorgenanten unser bruder, markgraff Johans von Merhern, fur sich, seine erben
und nachkomen uff die andern seiten, uns fleizziclichen gebeten haben, das wir, als ein romischer keyser, obrister lehenherre des vorgenanten furstentums der marken czu Brandemburg, dor uff, das dieselben marken, ire land und lewte widerbracht und in fride und
selikeit gesaczt werden mochten, sunderlichen dem heyligen romischen reiche czueren und wirden merklichen bedenken und eygentlichen betrachten wolten, wie gar swerlichen und grozzlichen das egenanten furstentum der marken czu Brandemburg, seine lande, lew¬
te und guter in vorgangnen czeiten von unfride und kriege, der steticlichen do gewesen ist, vorterbet, beschedigt und vorwustet weren, und noch furbasmer beschedigt, vorterbet und vorwustet wurden, ob sie ane rat, schucz und hulffe der kunige und kung¬
reichs czu Beheim beliben, und auch, wie das mangerleye herschafft, stete, lande, slozze, lewte und guter demselben furstentume und der marken czu Brandemburg von umbgesezznen kunigen, fursten und herren beynamen den kunigen von Denemarken,
und von Polon, den herczogen von Sachsen und Lunemburg, dem erczbischove von Meideburg, den herczogen von Brunswig, von Stetyn, von Mekelmburg und den fursten von Anhalt eines teiles erblichen und ewiclichen und eines teiles czu pfantschafft
umb sulche grozze summen geldes, des dieselben land und vesten kawme wert gesein mochten abgebrochen, abgedrungen und abgerissen sein, und das auch dasselbe furstentum und marke czu Brandemburg ane vorsichtigen rat, schirm und hulffe des
vorgenanten kuniges und kunigreiches czu Beheim, landen und lewten, mitnichte widerbracht werden mochten, noch in ganczen steten fride gesetzet. Sunderlichen do von wann das kunigreiche czu Beheim seine furstentum und lande an manigen orten mit der
egenanten marken czu Brandemburg ane allerleye ander fursten und herren lande underscheide und mitteil an einander gemerken und stiezzen, und wann auch scheimbarlichen offembar were, das dieselben marken czu Brandemburg derselbe kunig von Beheim
mit seinen und seines kunigreichs czu Beheim erplichen landen, lewten, stetten, vesten und auch merklichen grozzen summen bereites geldes gekawfft hette, und auch das der egenanten kunig von Beheim dieselben marken czu Brandemburg, die vilnahen al¬
czemale vorpfemdet und vorseczet was, mit seines kunigreiches erblichem gelde und gute yeczunt in kurczer czeit merklichen und nuczlichen widerbracht, geloset und mit Gotes hulffe fridlichen gemachet hette und er auch doran noch teglichen und fur¬
sichticlichen seinen fleizz und arebeit kerte und wendte. Und haben uns auch fleizziclichen gebeten, das wir eygentlichen bedenken wolten, so des heiligen romischen reiches nemliche sulche furstentume uff die dasselbe reiche usgeseczet und gebawet ist
mit sulcher bezzerungen eynungen fride und gemache widerbracht und gesterket wurden das denne derselben furstentume vorweser und fursten dem romischen reiche und desselben reiches keysern und kunigen nuczlichen geraten und gehelffen mochten,
und beynamen uff die rede, das kunige und das kunigreiche czu Beheim sulcher lande, stette und vesten und auch merkliche grozze summen geldes, die sie uff die egenanten marken czu Brandemburg gewendet haben und noch teglichen doruff wenden nucz¬
zen, ane schaden beleiben und die nicht vorloren, das wir als ein romischer keyser alle sulche obgeschribne eynungen, stucken und sachen von keyserlicher macht geruchten bestetigen und gevestnen. Des haben wir eygentlichen betrachtet sulche manigfaldi¬
ge und redliche bete und auch offembare notdurfft der egenanten marken czu Brandemburg, dorumb durch sulcher obgenanten bete, sachen und stucken willen, die unsern mut billichen und redlichen beweget und dorczu geneyget haben, sunderlichen dem hey¬
ligen romischen reiche czu eren und wierden, und uff die rede, das derselben marken czu Brandemburg lande und vesten bey dem heyligen romischen reiche beleiben und nicht bey den egenanten kunigen und kunigreichen czu Dennemarken und czu Polon, die
demselben heiligen romischen reiche nichtes bekennen noch von yn halten wollen, und auch das derselben marken czu Brandemburg von den und andern umbgesezznen fursten und herren furbas nicht mer abgebrochen und abgedrungen werde, und beynamen
auch durch ewigen nucz, vride und selikeit des egenanten furstentumes der marken czu Brandemburg, seiner lande und lewte. Haben wir mit wolbedachtem mute, rechter wissen und rate unserr und des reiches fursten, graven und getrewen, die czu den
czeiten bey uns waren die, vorbeschribene eynungen und sachen, als die uff beydenseiten begriffen und gescheen sein, und auch alle und yegliche brieve, die doruber geben sein, von worte czu worte bestetigt und bevestent, bestetigen und bevestnen von key¬
serlicher mechte vollenkomenheit mit crafft dicz brieves, und seczen und gebieten mit unser keyserlichen macht ewiclichen, das alle sulche obgenanten eynungen und sachen, als die in iren synnen, meynungen, puncten und stucken begriffen sein, und auch alle
und yegliche brieve, die dorober an beidenseiten gemachet und geben sein, von worte czu worte, als die begriffen sein, ewige crafft und macht haben sullen und das dowider nyemant getun muge oder sulle in dheynenweis, in welcherleye adel, eren, wierden oder wesen
der sey, und ob er auch in kuniglichen wirden were und wer es sache das dowider yemant tete mit welcherleye sachen das were das sal untuglichen und uncrefftig sein und czu allen und yeglichen obgeschribnen sachen und sulhen brieven die doruber geben sein ewi¬
clichen keynerleye schaden brengen were. Auch das in disen abgeschribnen sachen, oder in disen gegenwortigen unsern keyserlichen brieven, oder in dheynen andern brieven, die uber die vorgenanten eynungen und sachen gemachet und geben sein, dheynerleye gebre¬
chen were von vinsternuzze der worter von czweyfelhafftiger usrichtungen der synnen und ob dheynerleye czierheit und schonheit, die dorczu gehorten gelazzen weren, oder sust vorgezzen in dheyneweis, den erfullen wir mit vollenkomenheit keyserlicher
mechte were, auch das dheynerleye keyserrecht, die wir oder unsere vorfaren romische keyser oder kunige gemachet oder geseczet hetten, gewonheit ubungen, behaltungen oder gemeynes recht gesecze der lande, oder der stette, oder sust heimlich,
oder offembar und sunderliche gebot, die gemachet sein oder gemachet werden, do wider weren oder den egenanten sachen dheynerleye schaden brengen mochten, so meynen, gebieten, seczen, lewtern und erclaren wir von rechter wissen, mit crafft dicz brieves und keyser¬
licher mechte volkomenheit, das sie unkrefftig sein sullen und widerrufen vorderben und vornichten, dieselben mit derselben, unser keyserlichen mechte volkomenheit gleicherweis, als ob sie, von worte czu worte, in disem brieve begriffen weren, und ob sie auch
durch recht oder gewonheit worttclichen begriffen solten sein, in disem brieve, als verre sie den vorgenanten sachen, dheynen, schaden, brengen oder bringen mochten in dheynenweis, dovon vorbieten wir allermeniglichem, das nyemant disen gegenwortigen
brieff unserr bestetigungen gewaltes, geseczes, lewterungen, erfullungen, der gebrechen widerrufens und vornichtungen in dheyneweis, vorterbe noch dowider tu wer, aber dowider vrefelichen tete, der sal in unsere keyserlichen ungnaden swerlichen vorfallen sein
und sal hundert tawsent mark lotiges geldes, czu rechter penen, bestanden sein, die sullen halb in unsere keyserlichen camer werden und das ander teil sol den gefalhnen, die sulches unrecht leyden, des sint geczewge der erwirdige Ludwig erczbischoff czu Mencze,
des heiligen romischen reiches in dewtschen landen erczcanczler, der hochgeborne Wenczlaw herczog von Sachsen und von Lunemburg, des selben romischen reiches erczmarschalk kurfursten, unsere lieben oheimen, die erwirdigen Johans erczbischoff
czu Prage, des pebstlichen stules czu Rome legate, Peter erczbischoff czu Meidgburg, Johans czu Olomucz, unsers keyserlichen hofes canczler, Albrecht czum Lewthmuschel, Gerhart czu Hyldesheim, Fridrich czu Merseburg, Albrecht czu Halberstat, Peter czu Lubus
und Dyetrich czu Brandemburg, bischove die hochgebornen Albrecht herczoge von Sachsen und von Lunemburg, Fridrich markgraff von Meissen, Albrecht herczog von Mekelmburg, Ruprecht herczog von Lignicz, unsere lieben oheimen, Przimsla von Teschin, Bo¬
gusla von Stetyn, Heinrich vom Brige, Heinrich von Sagan und Heinrich von Littowen, herczogen, unsere lieben sweger und fursten, die edlen Johans, burggraff czu Meigdburg und grafe czu Hardecke, Heinrich von Holczten, Albrecht von Ryppen, Cunrat
von Regenstein, Burghard von Schrapelow und Otte von Hademerslewen, graven, Grafft und Gerlach von Hoenloch, Wedeke vogt vom Berge, Petir Gast, Benesch und Wenczlaw von Wartemberg, Thyme von Coldicz, Borsze von Risumburg, Johans von Rosem¬
berg, Bohusla von Swamberg, Jesko von Kossowahora, Potho von Czastolowicz, Johans von Kotebus, Reinhart von Strel, Johans und Ulrich von Biberstein und anderer, vil unserr und des reiches lieben getrewen, mit urkunt dicz brieves vorsigelt, mit unserr
keyserlichen maiestat ingesigele, der geben ist czu Tangermund noch Crists geburt do man czalt dreyczehnhundert jar dornoch in dem vierundsibnczigstem jare an sant Peters und Pauls tage der heiligen czwelffboten, unserr reiche in dem achtund¬
czwenczigstem und des keysertums in dem czwenczigstem jare.</Unicode>
            </TextEquiv>
        </TextRegion>
        <TextRegion id="region_1573224747369_66" custom="readingOrder {index:1;}">
            <Coords points="1999,1506 2241,1506 2241,1607 1999,1607"/>
            <TextLine id="line_1573224755048_69" custom="readingOrder {index:0;}">
                <Coords points="2018,1502 2082,1502 2137,1506 2220,1512 2226,1512 2226,1562 2218,1562 2134,1556 2080,1552 2018,1552"/>
                <Baseline points="2018,1547 2080,1547 2134,1551 2218,1557 2226,1557"/>
                <TextEquiv>
                    <Unicode>de mandato domini imperatoris</Unicode>
                </TextEquiv>
            </TextLine>
            <TextLine id="line_1573224760468_74" custom="readingOrder {index:1;} person {offset:0; length:33;}">
                <Coords points="2027,1540 2091,1540 2151,1551 2198,1547 2201,1597 2149,1601 2087,1590 2027,1590"/>
                <Baseline points="2027,1585 2087,1585 2149,1596 2201,1592"/>
                <TextEquiv>
                    <Unicode>Nicolaus, camericensis prepositus</Unicode>
                </TextEquiv>
            </TextLine>
            <TextEquiv>
                <Unicode>de mandato domini imperatoris&#xD;
Nicolaus, camericensis prepositus</Unicode>
            </TextEquiv>
        </TextRegion>
    </Page>
</PcGts>
