6898 5505
1120 610 4282 717 Wir Stephan von Gotes gnaden phalczgrafe bei Rine und hertzoge in Beyern verihen und tun kunt offenlichen
1146 681 4260 809 mit disem brief allen den, die in sehen oder horen lesen, daz wir haben angesehen die besunder gnad und furderunge des al¬
1137 773 4245 889 lerdurchleuchtegisten fursten und unsers gnedgen herren, hern Karls romisschen kunges ze allen zeiten merer des reichs
1120 824 4263 963 und kunges ze Beheim, und auch die besunder freuntschaft und lieb des hochgeborn fursten hern Rudolfs phaltzgrafen bei
1130 913 4331 1038 Rine und herczzogen in Beyern, unsers lieben vetern, do mit sie uns gnedklichen und freuntlichen meynent, und dovon
1131 971 4285 1103 verbinden wir uns zu in und iren erben und nachkomen und globen fur uns, unser erben und nachkomen, phaltzgrafen
1118 1043 4257 1182 bei Rine und herczogen in Beyern, eweclichen mit guten trewen an eydes stat und on geverd, daz wir in getrewe
1135 1125 4251 1259 lichen und steteklichen beigestendig und beholfen sin wollen und sullen, mit namen wider die, die den vorgenanten unsern herren
1114 1223 4291 1335 den Romisschen künig und die hochgeborn frawen Annen romissche künginn und künginn ze Beheim, sein eliche wirtin,
1124 1298 4267 1411 und ir beider erben an allen iren landen, vesten erben und guten und mit namen in der Phalncz und ze Beyern hindern
1119 1378 4296 1485 und beschedgen wolten, ob an dem vorgenanten hertzogen Rudolfen icht gesche, da got vor sey, dar nach den obgenanten dem künge,
1113 1442 4287 1565 unserm herren, und dem hertzogen beidensampten und iren erben, als vorgeschriben ist, wider aller menecliehen, nie
1110 1513 4224 1617 mant uzzenemen, on daz heilge romische reich, wider daz wir uns beiderseit nicht verbinden wollen, es wer dann, daz
1129 1603 4249 1686 leichte daz obgenante reich von sein selbes oder von iemand anders wegen, uns, unser erben oder nachkomen an unsern
1123 1661 4264 1774 landen, herscheften und guten schedgen und leidegen wolde, so sullen und wollen wir einander do wider als wider ander
1122 1775 4283 1855 unser widersazze und veintschaft beholfen sein, doch mit sulcher bescheidenheit, daz wir den obgen unsern gnedgen herren
1163 1849 4280 1926 fur ein reich halten, haben und eren sullen und wollen, die weil er lebt, und wider in nichtes tun, sunder im, als einem
1159 1921 4247 2009 romisschen kunge, beigestendig und beholfen sin on alles geverd und auch in aller der mazze, als vorgeschriben ist. Auch
1129 1994 4245 2089 globen wir, als vorbegriffen ist, daz alle verpuntnüzze und gelubde, ob wir dhein gegen yemand getan oder gemacht
1129 2066 4253 2170 hetten, den obgenanten herren dem kunge, dem hertzogen und der kungein und iren erben ze schaden, daz die gentzlichen ab sein
1159 2139 4281 2251 sullen. Auch wollen wir, daz die briefe, die der obgenante unser herre der künig von uns hat, dar inne wir in ein romis¬
1103 2187 4256 2334 schen kung erkennet haben und im gehuldet, globt und gesworn haben, und auch die briefe, die wir von im uber
1146 2283 4365 2408 unser lehen, schirmnüzze und versprechnuzze enphangen haben, in allen iren kreften sten und bleiben sullen. Mit urkunde
1100 2347 4286 2482 dicz briefes versigelt mit unserm insigel, der geben ist ze Pirn nach Kristes geburt dreutzen hundert jar und
1127 2434 3867 2562 in dem ein und funfczigisten jare, an dem nehsten donrestage nach unsers Frawen tag wurczeweihe.
