6577 4622
524 1266 4587 1575 Wir Katherin von Gotis gnadin herczogin von Slesien und frouwe czu dem Brige bekennen und tun kunt offinlich
764 1537 4525 1666 mit desim brife allen den, di in sehen adir horin lesin, das wir allir sachin, czweinnge und aufleuffe, di czwischin dem
787 1612 4531 1732 hochgebornen furstin hern Wenczlaw, herczogin von Slesien und herrin czu der Legnicz, unsirm libin sun, an eyme teil und
748 1684 4497 1814 uns an dem andirn, dy sich czwischin uns irhebit, und ouch uncz uf desin hutegin tak ergangin habin, wy man di mit
783 1760 4483 1890 sundirlichin wortin genennen mag, uff den allerdurchluchtigstin furstin und herrin hern Karl, Romischin keisir, czu allin
787 1839 4583 1967 czeitin merer des reichis und kunig czu Beheim, unsirn libin gnedigin herrin, genczlich gegangin sin und gebin im gancze und
755 1922 4554 2051 vollenkomene macht, di selbin sachin czweinnge und aufleuffe, wor umme das sei mit rechte adir mit fruntschaft, wy er
758 1998 4513 2137 das noch seynen vornunftin und wirdin czu rate wirdit zu vorrichtin und czu entscheidin und gelobin mit gutin stetin, truwin
772 2081 4565 2214 an geverd, das wir alle sulche dink und entscheidunge, di der egenant unsir herre der keisir czwischin uns bedirseit noch
761 2166 4569 2295 rote, siner getruwin vindin, wirdet gancz stete und unverrukt haldin und habin, wollin und sullin, by penen der vorluste
807 2250 4537 2382 alles unsirs gutis und allis, das wir yczunt habin und noch gewinnen mochtin in kumftigen czeitin. Und des czu or¬
812 2340 4577 2478 kunde habin wir gegebin desin brief, versegeltin mit unsirm anhangindin insigil, der gegebin ist czu Prage noch Cristus
816 2425 4597 2577 geburt dritzenhundirt jarj dor noch in dem sechs und finnfczegstin jar des nohstin sunnabends vor santh Jacobs tak
776 2517 1599 2604 des heiligen czwelfbotn.
