8762 5768
1196 860 6095 951 Nos Boleslaus, Dei gratia dux Opoliensis, recognoscimus tenore presentium et fatemur, nos esse principem et vasallum magnifici domini nostri, domini Johannis, Bohemie et Polonie
1174 964 6076 1081 regis ac Lucemburgensis comitis, et ab eo terram nostram Opoliensem cum civitate Opol et castro ibidem, cum civitate Rosenberch et castro Crasscow, cum oppidis, villis, ho¬
1156 1081 6092 1191 minibus, vasallis, homagiis ad ipsas et ad ipsa spectantibus, cum aliis suis pertinentiis universis, in quibuscumque consistant, quas et que nunc habemus et inposterum quibuscumque sumus
1138 1194 6064 1311 habituri, que ad regnum Bohemie dinoscuntur pertinere, heredum et successorum nostrorum, ducum Opoliensium, nomine recepisse in feodo et ab ipso ac possidere jure et titulo fe¬
1149 1323 6071 1430 odali volentes et decernentes, quod heredes et successores nostri, duces Opolienses memorati, a domino nostro rege, heredibus et successoribus suis, regibus Bohemie prelibatis,
1163 1439 6082 1556 prefatam terram nostram, quandocumque eam per mortem alicuius ducis ibidem vacare contingerit, in feodo recipere semper deinceps debeant et habere et facto sibi
1150 1551 6076 1694 per eos servande debite fidelitatis homagio, sicut et nos nunc spontanea et libera voluntate fecimus, ei vel eis tamquam eius vel eorum principes et vasalli sincera
1196 1676 6095 1823 fide semper intendere debeant et parere. In cuius rei testimonium presentes litteras fieri et sigillo nostro iussimus communiri. Datum Vratislavie anno Domini
1171 1791 3181 1930 millesimo trecentesimo vicesimo septimo in die palmarum.
