10342 7725
1477 613 7526 989 Wir Karl von Gots gnaden romischer kunig, ze allen zeiten merer des reichs und kunig ze Behem, Albrecht, hertzog ze Osterreich, ze Steyr und ze Kernden, Johans, margraf ze
1546 974 7568 1093 Merhern, und Rudolf, des obgenanten hertzog Albrecht, erstgeborner sun, von denselben Gots gnaden, vor uns selber und alle unser bruder, bechennen und tun chund offenlich mit disem
1556 1081 7576 1200 brief allen den, die in sehent oder horent lesen, daz wir durch angeborne liebe luter, trewe und stete, freuntschaft, die von gemeinscheffte der geburde und des geslechts alleweg
1564 1182 7472 1306 zwischen uns gewesen sind, und mit hilff Gots sullen ewichlich unverrukcht in freuntlicher guter sazze beleiben, ze sunderlichem troste und gnaden unser getrewn undertanen, uns allesampt
1548 1278 7542 1406 mit wolbedachtem mute, mit rate unserr fursten, herrn und ouch getrewn mit rechter wizzen, zesamme verbunden haben und verpinden uns vor uns und unser erben ewichlich in guten
1574 1375 7477 1500 trewn an geverde und mit dem eyde, den wir allesampt daruber gesworen haben, uf den heiligen ewangelien und geloben in chreften derselben verpuntnuzze in guten, steten, trewen, daz
1564 1474 7473 1600 wir indwendig den kreizzen und gemerken unserr kunigreich furstentume und herschefte, die uns von erbschaft angehorent, und die wir ytzund innehaben oder mit hilfe Gots
1586 1562 7499 1702 furbaz noch gewinnen, einander getrewlich und freuntlich beholfen sein wellen und sullen wider allermenilich, nymant auzgenomen, und in den zeiten, so eins oder mer wenn eins wider
1572 1662 7541 1798 uns kunigreich, furstentum, herschefte und lande veintlich angriffen werden, so sullen und wellen wir andern zehant, alz wir dez ermanet werden, an ufschub und an allz verziehen
1578 1763 7515 1898 dem oder denselben mit leib oder mit gute rat, hilf, gunst und bruderlich liebe mit aller macht beygestendig und geholffen sein uf unsern aigen schaden und verlust, die weil
1548 1858 7560 1999 wir leben wider einen iglichen menschen und persone in welichen eren oder wesen, der sey und ob er ouch in kuniglichen wirden were, nymant auzzenemen, alz da vor begriffen
1540 1950 7550 2102 ist, auzzenemen doch den kunig von Ungern, wann wir mit dem in allen den punden beleiben sullen, alz die brif sagent, die wir obgenanter romischer kunig, die weil wir margraf
1542 2059 7544 2207 ze Merhern waren, und seliger gedechtnuzze die hochgebornen fursten her Karl ze Ungern und her Johans ze Behem kunige und her Ott, hertzog ze Osterreich und wir obgenanter hertzog
1539 2161 7497 2316 Albrecht und ouch wir, obgenanter Johans, margrafe ze Merhern, in den zeiten graf ze Tirol, einander geben haben, wann diselb brif und punde unverrukchet und unzebrochen beleiben,
1600 2274 7446 2423 sullen in solicher beschaidenhait, waz vesten lande, burge und stette in des landen gewunnen werden, der unserr hilff begeret, daz die demselben ungehindert beleiben sullen,
1578 2382 7490 2532 aber varunde hab und gevangen mag und sol unserr iglicher ze seinem nutze behalten, der si mit seiner arbaitt erchrieget und gewinnet und in welichs hilff wir sein,
1556 2490 7520 2639 der sol uns kost geben, brot, weyn, und pyer, nach der lande gelegenhait alle die zeit, und wir in seiner hilff beleiben, und die obgenanten verpuntnuzze gelubde und eyde ge¬
1555 2600 7429 2753 loben. Und wellen wir stete und unverrukcht haben und halden, und dawider nymmer getun, noch streben mit dem rechte oder mit der tat geleich oder abwegs mit werken,
1568 2713 7535 2859 worten, sinnen, entschuldigung, helfrede oder varben, selber oder mit ymant anders haimleich oder offenbar, oder sust in dhainen weis, wie man die kan oder mag sunderlich benennen.
1560 2818 7555 2977 Mit urchund ditz brifs, versigelt mit unsern insigeln, und wir Rudolf dez obgenanten hochgebornen fursten, hern Albrechts, hertzogen ze Osterreich, erstgeborner sun, umb daz wir
1566 2930 7448 3087 aigens insigels nicht haben, so geloben wir die obgenanten puntnuzze, gelubde und ayde in aller der weis, alz da vor begriffen ist vor uns und alle unser bruder,
1602 3051 7509 3200 gantz stete und unverrukcht ze haben und ze halten gleicher weys, alz ob unser selbs insigel gehangen were an disem brif, der geben ist ze Wienn, do man zalt
1568 3169 7490 3318 nach Krists gepurde dreutzehen hundert iar und darnach in dem dreu und fumftzigistem iar dez nesten donrstags vor dem Palmtage, und unserr dez obgenanten
1540 3297 3507 3423 Romischen kunigs reiche in dem sibenden iare.
