3000 2915
338 216 2036 316 Notum sit omnibus tam presentibus quam futuris fidelibus, quod ego Cesc, comes de Zeleznice, villas meas Bi¬
348 342 2034 402 cow et Wilcecow et circuitum meum usque ad locum a me determinatum cum pratis, agris et aquis abbati Meynero de Plaz
347 448 2035 484 et fratribus suis ibidem Deo famulantibus contradidi tum pro anime mee remedio tum pro pecunia ab eisdem fratribus mihi obIata. Eun¬
355 540 2022 572 dem autem circuitum gloriosus dux Fridericus primo ducatus sui anno servitii mei memor mihi contulit. De pecunia vero
352 622 2038 665 a fratribus accepta predium quoddam nomine Zedlesco in usus meos comparavi. Ut autem hec pactionis mee ratio rata et inconvulsa
346 713 2030 759 habeatur, in capitulo Pragensi confirmari conplacuit presentibus et testibus Pragensis ecclesie preposito Martino et Paulo decano et
360 800 2033 856 Wissegradensis ecclesie preposito Henrico et Magno decano et ceteris utriusque ecclesie canonicis, videlicet Conone preposito, Flori¬
340 881 2031 955 ano cancellario, Peregrino preposito, Alexandro magistro, Zlauone arcidiacono, Zedeslaus arcidiaconus, Hermannus arcidiaconus,
340 971 2005 1057 Bawor prepositus, Pribizlaus, Walcunus, Detthelebus, Boguzlaus, Mlaz, Milozlaus, Johannes, Wissemerus, Pomnenus,
349 1064 1985 1151 Anselmus, Gaulus, Georius, Alexander, Benec, Hualco, Lupoldus custos, Ozobeus custos, Radozta,
338 1159 2015 1250 Zlawata, Alexius, Walun, Fridricus, Teodericus, Podiwa, Bartholomeus, Alexander, Imrammus, Johannes,
353 1253 2035 1342 Purcardus, Martinus, Rudolfus. Huius etiam venditionis mee testes sunt Bogusse cum fratribus IIbus Ratibor et Lutobor
335 1345 2029 1437 et cognato Dobromizl, Ovlricus filius Drizislav, Igenis filius Bozethe, Jan iudex, Protiva filius Conradi, Janic
347 1443 2035 1531 cum fratre Matheo, Detheleb filius Gumpoldi, Lutuin cum filio Gogtpoldo, Winther filius Wilhardi, Stzybor filius
335 1540 2019 1635 Roperti, Gotsalac de Olesna, Pozden, Milgozt cum filio suo Stephan, Roznet, Gagec custos silve, Rudolfus cum
331 1622 2011 1730 privigno Hermanno et filio Rudolfo, Berththol de Leysin. Sacerdotes: de Ledec Petrus, de Plaz Arnoldus. De Breza
335 1713 2037 1817 Radon cum filiis duobus, Berzon, Thechen, Stroyec, Goztic, Zutek, Radozta. Sremesna Seboy, Nelepec, Dobros,
345 1805 2047 1893 Bezded, Schepan, Chotey, Quasone, Otroche, Tocek, Bratron, Cubata, Vtehc, Bugurad. Checini Trebek,
336 1891 2005 1985 Nagaze, Peze, Witon. Copidle Nosek, Dobrogoz, Stogen. Schewice Tubgoz, Luduic. Trinowa Boy,
334 1992 2041 2068 Ztaze, Scori, Lecek. Namutissowe Sdimer, Juric, Zdilut, Zvliwoy. Gromnice Cutra, Colech, Bogdan. Gizsli¬
339 2078 2049 2158 ci Premil. Lubine Petrik, Zlawic. Tucleci Pozdnec. Si qua vero in posterum ecclesiastica seu secularis persona
339 2167 1899 2240 hanc vendicionem meam predictis fratribus diripuerit, anathematis vinculo se innodatum noverit.
