7506 6541
834 695 4881 1124 Nos Johannes, Dei gratia Boemie et Polonie rex, Lucemburgensis comes, marchieque Budissinensis dominus, notum facimus universis presentes
985 1125 4889 1237 litteras inspecturis, quod quia fidelis noster dilectus Henricus de Lypa, summus regni nostri Boemie marschalcus, apud devotum
967 1234 4855 1352 nostrum dilectum fratrem Leonem, commendatorem provincialem per Boemiam et Moraviam ordinis cruciferorum hospita¬
981 1344 4881 1462 lis sancte Marie de domo Teuthunica et ordinem ipsum bona in Chreuczpurch cum bonis, villis et universis
988 1455 4877 1583 suis pertinenciis, sicut ipse frater Leo et alii conmendatores sive fratres eiusdem ordinis tenuerunt et possiderunt,
973 1559 4827 1705 pro certa summa pecunie emit et racionabiliter iure hereditario per ipsum Henricum, heredes et successores suos tenenda
983 1678 4885 1825 et possidenda perpetuo empcionis titulo comparavit, nos empcionem et vendicionem huiusmodi ratam et gratam habentes,
978 1799 4844 1942 eam ex certa nostra sciencia huius scripti patrocinio confirmamus presencium, quas sigillis nostre maiestatis communiri
977 1915 4812 2055 fecimus, testimonio litterarum. Datum Prage II nonas junii anno Domini miIlesimo trecentesimo vicesimo
991 2053 2728 2179 primo, regnorum vero nostrorum anno undecimo.
