4451 4235
473 248 2940 619 Wir Fridrich, Balthazar, Ludwig und Wilhelm, gebrudere von Gots gnaden lantgrafen zcu Duringen, marcgraven zcu Myszen in dem
780 548 2978 606 Osterlande unde zcu Landesperg, graven zcu Orlamunde und herren des landes zcu Plyszen, voriehen offenlichen an disem geinwer¬
639 590 2919 655 tigen brive, und tun kunt allen den, die in sehen horen oder lesen, daz wir dem aller durchluchtigsten fursten und unserm gnedigen herren
622 657 2922 707 herren Karl, Romischem kung, zcu allen zeiten merer des richs und kung zcu Beheime, und den hochgeborn fursten und herren Johans,
643 713 2919 755 marcgraven zcu Merhern, und Wenzceslawen, sinen brudern, iren erben unde nachkumen kungen zcu Beheime und der cronen da selbens
643 765 2920 807 marcgraven zcu Merern und grafen zcu Luczcemburg von unser und unser erben und nachkumen wegen fursten und herren der
645 816 2940 862 vorgenanten unser herschefte und lande mit vollem rate unde wolbedachtem mute gelobt haben und geloben ouch mit disem geinwer¬
641 863 2939 907 tigen brive, mit geswornem eide in guten truwen on allez geverde, daz wir und unser erben und nachkumen unserm obgenanten
643 908 2961 957 herren, sinen brudern, sinen und iren erben, alle teidinge einung vorbuntnuzz unde gelubde, die zcwischen in und etcswenn dem hoch
645 958 2963 1010 geborn fursten und herren hern Friderich, marcgraven zcu Myszen, unserm vater seligen und uns geschen bevestent und vorbrivet sint nach brive
645 1012 2961 1061 lute, die sie und wir daruber geben haben stete und gancz on alles minnernuzz halden sullen und wellen, und alle stuck und artikel,
645 1057 2983 1109 die in brifen, die daruber geben sint, beschriben sint und begriffen, die sullen in allen iren creften volliglichen bliben, daruber zcu einem offen
638 1106 2953 1159 barn gezeugnusse, haben wir Friderich und Balthazar vorgenante unser insigel under, den wir Ludwig und Wilhelm, wenne wir noch nicht
642 1159 2939 1210 eiginer insigel haben mit guten truwen und mit geswornem eide gelobt haben und geloben an disem selben brive, alle di vorgeschriben rede
629 1209 2909 1257 stete und gancz zcu haldene an disen brif lazen hengen ouch geloben. Wir Fridrich und Balthazar obgenante, wenne Ludwig und Wilhelm,
654 1258 2951 1308 unser bruder mundig werden und eigin insigel gewinnen, daz wir, die an disen brif so wir erst mugen schaffen sullen on geverde, gesche
645 1308 2944 1359 iz, aber von welchen sachen, daz queme, daz diser brif mit unser vorgenanten brudere insigel nicht vorsigelt wurde, dennoch sal er an
625 1354 2904 1418 allen stucken und artikeln glicherwiis, als ab ire insigel daran kumen weren, stete und gancz gehalden werden, hie bi sint gewest
645 1404 2914 1461 und sint ouch gezcug, der erwirdige in Gote herre Johans, bischof zcu Olomuncz, und die edeln Wilhelm von Landestein, Wamke
636 1450 2907 1511 von Wartenberg, Bothe von Turgow, herre zcu Arnow, Friderich von Schonenburg, herre zcu Crimatschow, Thime von Colditz, unser
640 1496 2953 1566 marschalk, und die strengen Albrecht von Malticz unser hoverichter und Arnolt Judeman, rittere unsers vorgenanten herren und unser heim¬
654 1549 2967 1621 lichere und ander frumer lute gnug. Ditz ist geschen und dirre brif ist gegeben zcu Budissin nach Cristi geburt drizcen hundert
634 1619 1680 1676 iar in dem funfzcigsten iar an sent Dorothee tage.
