4918 3632
995 208 3946 509 Wir Taute von Schonnbrunn, Habart und Albrecht von Hertenberch, bekennen offenlich mit disem brief und tun kunt allen den, die in sehent, horent oder lesent, daz daz hause ze Hertenberg
1049 493 3866 554 in dem kunigreich und lande ze Beheim gelegen ist, und leit und ez unser elder und vorvarn und nu wir von dem selben kunigreich und kunge ze Beheim zu rechtem lehen hatten
1048 543 3885 609 und haben mit allen den dorfern, guten und nutzen, die hie nach geschriben stent, Gossengrun, Loch, Blunberg, Adelberg, Burgleins, Marchquardsgrun, Luphartzgrun, Radwansgrun, Werd,
1049 593 3886 661 Obernschozzenreut, Luterbach und halbteyl des dorfes zu dem Horen mit berchwerchen des bleis des zwey teil zu dem selben hause gehorent, mit gerichten und gewalt des gerichtes, mit
1054 644 3879 711 cynsen an pfenning an weytze, an korn, an gersten und an habern oder andern fruchten, wie sie genant sein oder namen haben akkern, velden, pergen, talen und slichten, walden, puschen, wilpanen,
1068 695 3858 766 jaget und wayden, wazzern, wazzerlenften, teychen, seen, vyschwaiden und vyscherein, mulen, eysenhemern und hamersteten und gemainlich mit allen nutzen, ob der erben oder dar under sie sein yezunt
1070 744 3878 816 oder furbaz werden nu hat der allerdurchlouchtig furste, unser gnediger herre her Karl, von Gots gnaden Romischer kunig, ze allen zeiten merer des reichs und kunig zu Beheim, angesehen unseren getrewen
1076 793 3873 862 dinest, den wir im getrewelich getan haben und furbaz tun sullen und wellen, darumb er uns sunderlich begnadet hat mit zwain tailen des vorgenanten hauses ze Hertenberg, als wir daz von im
1070 841 3897 907 und seinen vordern seligen kungen ze Beheim ze lehen haben gehabt, also hat er ez uns nu anderwaid gelihen und lehen vernewet mit allen den guten, dorfern, gerichten, cynsen, korn¬
1080 894 3864 956 gulden, akkern, velden, pergen, talen und gesliecht, welden, puschen, wiltpanen, jagt und waiden, wassern, wasserlenften, teichen, seen, vyscherein und vyschwaiden, mulen, eysenhemern und
1072 941 3870 998 eysenhemersteten mit berchwerchen und gemainlich mit allen nutzen, die zu den vorgenanten zwain teilen des vorgeschribenn hauses gehoren, sie sein ober oder under der erden, als wirs vor von im ze
1066 987 3880 1042 lehen hatten, empfangen haben und empfahen an disem gegenburtigen brief von uns, unsern erben und nachkomen zu rechtem lehen und manschaft mit sulcher vryheit und rechten, als
1077 1037 3904 1086 wir, die biz her gehabt und besezzen haben, also bescheidenlich, daz die selben zwai teil des hauses ze Hertenberg dem vorgenanten unserm gnedigen herren, seinen erben und nachkomen kungen zu Beheim
1082 1082 3890 1129 offen sullen sein, und wir im da mit beholfen sein sullen zu allen seinen noten und nacht und tag, sein dyner und sein volck ir sein, wenik oder vil auz den selben unsern zwai tailen ein
1074 1128 3934 1168 und auz reiten, und sich mit den behelfen, wann oder wie dick in dez not ist uf aller menlich, der da lebt niemant auzgenumen, auch sulln wir auf den selben unsern zwaintailen keynen turen,
1082 1174 3886 1213 vesten oder kemnaten, powen ez sey danne unsers vorgenanten herren oder seiner erben und nachkomen kunig ze Beheim, gut wille und wort und mit irem laube hat auch uns oder unser
1092 1222 3918 1260 erben und nachkomen iemant anzesprechen, umb div gut, die zu den vorgenanten zwein tailen gehoren oder an andern sachen, waz die waren dar uber sullen wir antwurten vor unserm vorgenanten herren,
1089 1270 3911 1307 seinen erben oder seinen nachkomen oder wen er uns von seinen gnaden ze richter gibt. Wir geloben ouch fur unser erben und nachkomen, wenn si dar zu komen, daz si die vorgenanten lehen
1080 1314 3881 1356 mugen und sullen besitzen, daz si auch fur unsern herren den kunig, sein erben und nachkomen komen sullen, und ire lehen empfahen under sulchen gelubden, als vor geschriben stet und auch des
1099 1364 3913 1404 sweren ze halten, als wir gesworen haben, daz wir dise vorgeschriben gelubde stuck und artikel stet und gantz halden ewichlich an arglist, auch haben wir fur uns und unser erben und nachko¬
1085 1411 3912 1447 men, dez unserm vorgenanten herren dem kunig seinen erben und nachkomen einen ayd gesworen, unser hende uf die heiligen gelegt und mit uns, unser lieb friunde und vettern her Engelhart von
1092 1457 3913 1495 Kungswarcht, her Wytig von Kungswartt, gesezzen ze Sandow, und her Johans Bryesner von Pirchk, die unser purgen auch darumb worden seint, war aber daz wir bruchig wurden an den
1098 1500 3894 1547 vorgeschriben artikeln und stucken oder an ir einem, dez Got nicht geb, so solden wir meinod erlos, rechtlos und truwelos sein und solden, unserm obgenanten herren, seinen erben und nachkomen kungen
1090 1552 3930 1594 ze Beheim, unsere vorgeschribene lehen, vervallen sein und sullen und mugen uns, unser erben und nachkomen in allen steten, merckten, dorfern oder vesten, welcher herren die sein an alles ge¬
1094 1601 3932 1649 richt angreiffen, an leib und an gute und da mit tun nach iren genaden. Und diser vorgeschribenn gelubde red und artikel ze urkunde und sicherheit haben wir unsere insigel an disen
1094 1652 3894 1694 brief gehangen, und wir obgenant Engelhart und Wytig von Kungswart und Hanse Bryesner von Pirck bekennen offenlich an disem brief, daz wir fur unser obgenant friunde
1094 1698 3928 1743 und vettern Tauten, Habarten und Albrechten von Hertenberg purgen und mit in selb scholn worden sein und werden an disem brief aller der vorgeschribenn gelubde und rede und uns
1096 1748 3944 1788 mit in verschriben und verbinden mit disem brief, daz si und ir erben und nachkomen, die selben stuck artikel und rede und auch gelubde stet und gantz halden ewichlich an argelist,
1098 1796 3924 1839 und haben auch dez mit in einen ayd gesworen unserm obgenanten herren dem kunig, seinen erben und nachkomen und unser hend gelegt uf die heiligen. Und zu einer mereren vestenung diser
1095 1845 3948 1893 dinge haben wir durch bet willen unser friunde und vettern und auch durch unsers gelubdes und ayde willen unsere insigel mit sampt den iren an disen brief gehangen, der geben ist ze Prage
1084 1894 3233 1945 nach Christus geburt driutzehenhundert jar und in dem fumftzigistem jar an dem nehsten sunnabent vor dem Obersten tag.
