3000 2007
628 648 1841 716 mit der Gotfrich, zu Merhern, und gevme prziwotaram gravenire, quod absione¬
635 709 1868 767 intendens superimus in hoc condicionem status mei meliorari. me domino meo domino Johanni, Boemie
630 754 1854 811 Polonie regi ac Lucemburgensis comiti, plus soluto, astringere et ligare bona et villas¬
637 796 1846 853 iteras subscriptos videlic fumfschunden, nechramcz prziesan et wyetkleticz, cum eorum pertine¬
648 842 1838 900 iis ab ipso et suis heredibus in feodum et iure feodi pro me et meis heredibus recipio et assimo¬
640 883 1848 948 ta quod ipsis regisdem bonis debita servicia semper tenear exhibere haiis, quas sigillo inco und
640 925 1858 997 tin sigilliis nobilium virorum amicorum meorum taliter videlic et Sbincipis fratribus de Waldek¬
636 974 1831 1044 ipsorum sigillari procuravi testimo litterarum et nos under et obmto fratris predicti, ad regitatum¬
632 1013 1875 1095 fati friczccionis et egenantlich, auunculi nostri sigilla nostra presentibus duximus apponenta. Datum
632 1088 1540 1141 pansius in vigik nativitatis expssi anno Domini Mo cetera XI¬
