9073 6125
359 71 4600 671 . IX grossow.
824 658 4558 750 sis, quod constitutus in presencia nostre maiestatis Stremus, Nicolaus de Zobtowicz consiliarius et fidelis noster dilectus, nobis exposuitur esse¬
845 750 4586 845 quosdam montes castro suo Hassenstein, vicimos auri et argenti, venis, uberes et refertos in quibus non nulli artis, illuius audi operas suas impensis
841 845 4604 938 dere pro auro argentioque legendo cupiunt nobis igitur dictus Nicolaus humiliter supplicavit quantus ex benignitate nostra regia incuitum eciam fidelium¬
859 931 4632 1037 serviciorum suorum, atque perpensa plurima exhiis regni nostri commoditate sibi et filio suo Nicolao addies duntawat, vite illorum, omne ius, nobis in pre¬
848 1027 4604 1118 dictis montibus, competens in distancia Trium milliarium circum castrum iamdictum per girum dare dignaremur, nos dicti Nicolai erga nos le¬
843 1127 4630 1207 talitatem fideliaque obsequia experti, omne ius, nostrum, quod verbura regalis dicitur nobis in auri et argenti fodinis dictorum moncium castro Hassenstein¬
851 1211 4618 1292 per distanciam truum miliarium undi quaque circumiacencium competes non per errorem aut improvide, sed sano procerum et fidelium nostrorum accede¬
843 1295 4591 1383 de consilio de certa nostra sciencia auctoritate regia eidem Nicolao et filio suo Nicolao usque addies vite ipsorum dumtaxat damus et concedimus subomni¬
851 1381 4558 1471 eo iure statutis privilegiis et libertatibus quibus magrimoncium nostrorum in montibus, Cuthmus utuntur friuntur et gaident mandamus igitur¬
847 1472 4565 1569 universis officialibus nostris et signanter succamerario regni nostri Bohemie et magromonete moncium Cuthnenedictum Nicolaum et filium euis¬
861 1570 4585 1667 in hac gra nostra quoquomodo impediant aut per quempiam in execucione officii sui et operarios ad opus huius exereum deputandos molestentsed pocimus
851 1662 4567 1768 ad honorem nostre maiestatis et regni incrementum defendant auxilio sint et favori, presencium sub appensione nostri regalis sigilli testimonio litterarum.
850 1755 4290 1864 Datum Prage die decima septima maii anno Domini millesimoquadringentesimo quinquagesimonono, regni nostri anno secundo.
3709 1945 4399 2015 Ad relacionem domini Procopu¬
3770 1999 4375 2075 de Rabenstein, cancellarii¬
