9226 6426
1610 736 5736 816 und tun kunt offenlichen mit disem brief allen den, die in sehen horen oder lesen, daz wir durch gemeines nutztos willen. Frides und gemachos unserr lande beidersit und auch umb sunderr¬
1596 791 5776 880 runtschaft begerunge und liebe, die uns darztu Bouet, uns mit dem allerdurchluchtigsten fursten und unserm gnedigen herren, hern Karl, Romischem kunge zcu allen zeiten merer des reichs und kunge¬
1602 851 5756 942 cue Beheim, und den hochgeborn fursten und herren Johansen, herczogen zcu korachen, graven zcü Tirol und zcu Gortz und wir entschne, sinen brudorn, iren erben und nachkomen, kungen zcu Bohem
1610 912 5750 1006 iren erben und nachkomelinggraften, fursten und herren odir vorggraviamen, vorstlich herscheften, sunder und vertzeihenllum suam und unverb zawaddichheiminnen, mannverde, sullen und allirdmus und
1614 971 5728 1064 iren erben und nachkomelinggraften, fursten und herren odir vorggraviamen, vorstlich herscheften, sunder und vertzeihenllum suam und unverb zawaddichheiminnen, mannverde, sullen und allirdmus und
1589 1024 5766 1124 abinde und mit namske, vesten, rechtvertigen zu neb communde gehabentum, herscheften von der fursten kinden und allen nutandes oder wirrsten hern vor vmer in inter suamus, villi pryssen, in millus Willichen, und in nullen.
1603 1090 5760 1182 abinde und mit namske, vesten, rechtvertigen zu neb communde gehabentum, herscheften von der fursten kinden und allen nutandes oder wirrsten hern vor vmer in inter suamus, villi pryssen, in millus Willichen, und in nullen.
1610 1155 5714 1239 hundert iarum territten und haben wirtinne, czu allen czitennen wir mit burschriben vesten in allirin brifen sullen oder gehaben ist, und allennen furstintum, furstentumme und in den er bei et inten¬
1595 1214 5740 1296 hundert iarum territten und haben wirtinne, czu allen czitennen wir mit burschriben vesten in allirin brifen sullen oder gehaben ist, und allennen furstintum, furstentumme und in den er bei et inten¬
1602 1267 5766 1354 hundert iarum territten und haben wirtinne, czu allen czitennen wir mit burschriben vesten in allirin brifen sullen oder gehaben ist, und allennen furstintum, furstentumme und in den er bei et inten¬
1598 1322 5723 1414 n geverde, und des zu urkunde und ewiger gedechtnuzze haben wir suarus, Dei antegrave zcu Duringen, marggrave zcu Myssen in dem Osterland, und zcuer landessiger, graf zcu Orlamund und herre der
1596 1385 5733 1476 landes zcu Plyssen, und wir suduch und Balthazar sine Boeinen vorgenanten unserm insigel gelegt an disen brief und uber daz geloben wir alle die mit gesammmonter hant mit geswornno eide in guten
1603 1446 5735 1537 ruwen on geverde vor die vorgenanten hochgeborn Ludwigen, und Wilhelm unser kind und brueder wenne sie mundig werden, und Scum iren tagen, kuemen, daz sie alle dise vorgenannten wiburnuzze, ordem¬
1586 1500 5733 1593 und gelubde, volfuren sullen, und ire insigel, legen an disen brief were aber daz sie von hinder
1597 1559 5775 1650 wornüzze brief alle kraft haben, und in allen den gelubden, miden vorbuntnuzze und macht bleiben, als ob der selben unser
1593 1622 5727 1712 daz alle vorbuntnuzze, gelubde, stucke, teyding und artikel, die zwischen dem vorgenanten unserm herren, dem romischen kunge und kunge zcu Beheim, uns und unsern erben bevestent, und beschriben
1586 1689 5771 1769 mit in allen iren kresten, ewiglichen sin und bliben sullen nach brieve, lute, die dar uber gegeben sint, und wann wir oder unser vorgenanten büne, unser und iren erben oder wer von unsern iren und
1597 1752 5775 1823 unsern erben wegen in unsern und iren landen und herscheften gewaldig ist, von dem vorgenanten unserm herren, hern Karl, sinen brudern und iren erben, mit brieven, oder mit boten, umb hulfe ge¬
1600 1808 5737 1879 ant werden, so sullen wir binnen fier wuchen die nach der manunge, aller schirst sich, nach einander volgen, und orgen in zcu sulfe kumen in aller wise, als vor geschriben stet, des sint, gezeug¬
1612 1864 5799 1940 ne edeln Bothe von Turgowe herre zcu. Arnowe her Sbinke von Hasenburg, des vorgenanten unsers herren camermeister, her Benesch von Wartenbergger herre zcu Tethzin, her Jesko u¬
1604 1919 5724 2001 von Turgow, des bichin ist Friderich von Schononburg, des crymantschow ist, velynne von Koldicz, unser marschalk, und Alber vor maltitz, unser hoventhter, unser lieben getruwen, mit gezceus,
