7838 6538
1882 211 5216 667 Wir A ten unde herren geverde, und verlesie cziesyti¬
2028 675 5122 772 herczog in Beyern und in Kernden, graft ze Tirol und ze Gorcz, in wechennen und tun chunt offenbar¬
2016 763 5188 881 mit disem brief allen den, die yn sehent oder horent lesen, das wir darch zuversicht gemeines nuczes und
2042 849 5245 982 frides aller laute, geloben mit guten trewen on geverde dem allerdurchlawchtigisten fursten hern Karl, Romischen
2024 940 5148 1099 layser ze allen zeiten merer des reichs und kung ze Beheim, unserm lieben herren und oucheim, daz wir alle
2032 1038 5144 1195 lauber Breimus, dyede und alle ander schedlich allide, wie die genant sint, in allen unsern herscheften,
2032 1136 5224 1293 und gebieten nicht halden, haw sen noch exselbe sullen noch wellen, und haben auch allen herren, burggrafe¬
2032 1229 5210 1407 amptleuten, rittern und knechten, allen rechten, anreden und allen andern unsern lieben getrewen und under¬
1982 1310 5234 1509 anen, unsern herscheft und gebiek, ernstlich und ire furstlichen bei unsern hulden, geloben und gebieten eyn auch
2034 1402 5198 1612 das si an allen steten, solichen schedlich lande, sullen beschaiden si voachen und zu yn richten, dar nach und si in¬
2032 1506 5128 1705 sster misserat, den tod haben verdiennet. Mit urchunde des briefs, der geben ist ze Munchen, des montags¬
2033 1610 5301 1788 ar des heiligen goczleichmannus tag nach Christes geburt drewczehenhundert all und in dem rechczigisten jari¬
