3000 1956
666 346 1993 475 Wir Ste des hochgebornen fursten her Johannis continne, so be¬
700 466 1975 505 erstgeborner sun, von Gotes genaden marggrafe und herre des landes zu Merhein bekennen und
706 502 1985 541 tun kunt offenlich mit diesem briefe allen den, die yn sehen oder horen lesen, wie wol das sey, das
701 535 1999 573 wir uns in briefen, die wir geben haben oder furbas geben werden, herren, des landes zu Merhern,
699 571 2003 609 nemen, und seyk, das demnoch sulche nemnge, einem et iglichen, kunige dem kunigreich und der¬
701 605 1981 648 cronen zu Beheim von unsirs, unsir erben und nachkumen, marggrafen und herren des landes
697 641 1985 685 zu Merhern, wegen, die sich auch also schreiben wurden, allewege unschedlichen sein sol, an dem
693 676 1981 722 bischofe zu Olomnicz und dem herczogen zu Troppaw, die in zeiten werden, ausgenomen den
706 714 1987 758 lantbern, uff des Bischoffs guten in Merhern, als eis in den alten teilniefen vollenkomenlichhei¬
703 750 1981 794 begriffen ist mit unsermst dicz briefes, vorsigelt mit unserm anhangenden ingsigel, der geben
699 792 2009 828 si zu Bressla, noch Crists geburte dreyczehenhundert jar dar nach in dem zweyr und sibenczig¬
