6577 4622
961 1123 4400 1340 Nos Heinrico et nostri sulle wir uns in Jawer et furstenberch, universis presentes literas inspecturis, ver¬
991 1354 4416 1434 lumus fore notumus, quod cum magnificus princeps, dominus Johannes, Boem Rex nobis indulsnit, ut ad civitati¬
970 1467 4374 1549 et bonorum quinum et hominibus, Vytaviensis de marca qualibus unserm dotomem grossorum none, ey racionis exigem
935 1570 4380 1669 promittimus firmitur et tenem, quod nos medietatem tocuis, pecunie illus extracte, none dicti domini regis et pro eo¬
987 1669 4384 1763 et summa duorum milium marcarum inquo certa bona et possessioneb ad casty Kant spectancia et districtum
914 1779 4412 1874 ibidem sunt obligata pignoris pro ex solucione eorum defalcare in ipsa, suma parte media ipsum dominus re¬
914 1902 4361 1993 gem contingentem totaliter deducendum Harum serie litterarum. Datum Wratift anno Domini millesimo tre¬
970 1998 3103 2120 centesimo tricesimo septio die dominca qua cant Letare.
