6585 4628
983 1155 4365 1232 allen den, di disen brief sehen odir horen lesen, sint dem male und aller missehel verfuffe, und zweinunge, di
991 1230 4355 1319 zwischen dem allirdurchleuchtigsten fursten und herren, hern Karle romischen kunige ze allen zeiten merer des
1003 1320 4388 1413 reiches und kunige ze Beheim, unsirm gnedigen herren, und dem hochgeborn fursten, hern Johansen marggrafen
993 1403 4348 1495 ze Merhern, unsirm lieben oheim an einem teil, und uns an dem andirn uncz an disen hutigen tilg siech¬
1013 1483 4368 1579 Nouffen habent fruntlich und gutich veriehtet sein also das sie beidenseiden, nymer zu arge gevert odir¬
992 1573 4407 1648 nowet werden, sullen donon geloben wir dem obgenanten unserm herren dem knuzze und unserm oheim, dem
984 1657 4414 1735 dargrafen ze Merhern, mit guten trewen on geverde dis alle suete, die in sulchen zweinungen und ufleuffen ge¬
1002 1736 4391 1813 Thern, sein mit gutesaginge oder sust in dheinenweiz genczlich abe sein sullen under dominus duxime memanet werdencht¬
994 1816 4462 1903 beschedigt oder in dheinenweiz betrubt werden sol in dheinen zu Kunfogen zeiten mit urchund dicz brives, versigilt¬
1003 1907 4450 1990 mit unserm ingesigil, der geben ist ze Peyse ani mameage vor sant Gregom tag des heiligen lerers nach¬
1002 1978 3541 2083 Cristes geburd dreuczehenhundert iar darnach in dem funf und fumfczigstem jar.
