6577 4622
783 949 4743 1210 Wir Bolke von Honloch, tun kunt offenlichen mit disem brive allen den, die in sehent oder horen lesen, das wir dem allerdurchluchtigiste fursten¬
855 1212 4646 1300 und herren, hern Karl, romischen kung zu allen czeiten merer des reichs und kunig zu Beheim, unsern lieben genedigen herren, sein erben
859 1299 4706 1393 und nachkumen, aller schult, dorumb wir in oder seliger gedechtnuzze den hochgebornen fursten, hern Johansen, ettwenne kunge ze Behem
894 1398 4673 1486 seinem vater, mit brmen oder sust in dheineweis, gemanemochten uncz uff disen heutigen tag gar und genczlichen ledig und lozz gelazzen
881 1493 4682 1576 haben und quit, und auch ledig sagen mit kraft dicz brives und geloben fur uns, unsir erbin und nachkumen, mit guten steten trewen
885 1582 4657 1673 an geverde dem obgenanten unserm genedigen herren, dem kunge seinen erben und nachkimine an dem reiche und auch an dem kungrich¬
867 1669 4625 1771 zu Behem das wir sulche schult, die sich, uf disen heutigen tag vergangen hat, mner in dheinerweis, eischen odir vordern wollen
897 1790 4657 1863 noch ire leute, beinamen des kungrichs zu Beheimen, der grafschafft zu Luczemburg und wo sie andirswo in wen, herschefften unde
896 1869 4679 1982 landen sieczen, dorumb hindern pfenden odir verffhaldu, sullen odir wollen in dheinen czukumpftigen zeiten, wer auch sache, das furbaz¬
882 1964 4650 2083 mer dheinerlei brive sulcher schult zeliechte quemen meinen und wollen wir das die genczlichen abesein und keme kraft haben
903 2069 4691 2178 sullen, wann wir sie toten, und alzemal vernichten in disem brive usgenumen, unsern pfantschefften, die wir innehaben von dem
909 2168 4731 2288 reiche bei den wir ungehindert beleiben sullen, nach lant der brive, die wir dorubir haben von dem reiche. Mit urkunde dicz brives,
909 2273 4665 2395 versigilt mit unserm insigel, der geben ist zu Nuremberg nach Crists geburte dreiczenhundert und in dem drey und fumftzigestem
920 2370 2704 2454 jare, an santh Bartholomeus, tage, des heiligen czwelfboten.
