3000 2115
223 188 2330 280 Notum sit omnis et fidelibus tam presentibus quam futuris, quod Ditricus, Dirsizlai filiis predium suum nomine Loman cum suis attinentiis consmare in
224 279 2313 374 periculo mortis positus, nobis expi pauperibus in Plaz, pro remedio anime sue parentumque suorum contuleritur, aliquanto vel compe Sir¬
220 372 2333 464 sizlao et Kuzone hoc impedientibus et veridicis relatoribus quasi crede nolentibus, cande eorum iuramento et nostria inter nos convencione¬
214 460 2324 552 facta viginti duarum marcarum et predio nostro thischde cum suis appendiciis addico, quasi concambium fecimus coram domino duce premu¬
224 543 2338 640 helone et Pragensis episo domino Henrico et ceteris primatibus terre et filiis ipsius dirici, consentientibus ob debitam dilectionem patris Cut¬
227 644 2333 738 hec rata et inconvulsa in posterum permaneant, placuit hiis testibus confirmari, quorum nomina sunt hec, Ruz, Dirich, Dirsizlau,
228 732 2338 823 protiwa. Ulricus filius, Zlauwathe. Herman filius Wilhelmi, lan de na tuniz, ben fratur, Budiwoi, Ota, Wisec, Ota, Buguzlau,
230 818 2326 912 worta, Otewec, Ugolt. Zuda, pocius. Si quam in futurum eccleastica seclarisue persona sub factum irritum facere temptaverit, vinculo¬
232 916 2273 1009 anathematis se innodatum noverit, facta sunt autem hec anno Dominice incarnationis MoCoXCoVIo, indictione undecima¬
