6837 5243
1931 770 4895 1235 ssius exceps et Slezieskeho, czoz swrchu¬
1980 1207 4820 1310 anceller, bekennen und tun kunt offinlich mit diesem briefe allen den, die yn sehen odir horen lesen, wann vormals die stat zu Eger
1983 1287 4878 1393 mit dem lande und die vesten Flozz und Parkstein mit yren zugehorungen den hochgeboren kunigen zu Beheim, und der cronen desselben
1976 1364 4824 1467 kungrichs vor virtzig tusent marcz lotiges silbers von wegen des heiligen romischen riches zu rechtem pfande versetzet sin, und wann¬
1969 1446 4849 1538 vir und anderr unsir mitkurfursten mit warhaftig kuntschaft wol undirwiset sin, daz Flozz die vesten und waz dorzu gehoret, des kung¬
1985 1523 4812 1606 riches zu Beheim, rechtes eygen ist und von unwizzen und irresal dem egenanten kungrich zu Beheim zu pfande worden ist, in der wise, als
1988 1601 4863 1688 unsir und anderr unsir mitkurfursten briefe, die wir doruber geben haben volkomenlich ist begriffen donon und uff die rede, daz die hochge¬
1990 1677 4829 1753 vorn kunige zu Beheim, und die crone desselben kungriches in der andern pfantschaft ungehindirt verliben sint dem male daz Flozz, als
1975 1755 4832 1831 vorgeschriben ist, ir rechtes eigen ist und dorumb ir pfant nicht gewesen mag, so meinensprechen und lutirn wir mit wolbedachtem
1976 1833 4844 1911 mute, als ein kurfursten des heiligen riches und durch Welische lant und daz kunigrich von Ad relat ertzcanceller, daz die obgenanten hochgeborn
1994 1913 4816 1995 kunige zu Beheim, ir erben und nachkomen eweclich und die crone desselben kungrichs ze Beheim, die obgenanten viertzig tusent mark¬
1984 1992 4856 2066 lotiges silbirs uff der stat zu Eger und dem lande und auch uff der vesten Partzigstem und yren zugehorungen haben sullen, als die pfant¬
1991 2067 4815 2142 briefe sagen, die von des romischen richs wegen, doruber geben sint glicher wis als ob Flozz in der egenanten pfanduncze nie benennet were.
1987 2145 4812 2222 Mit urtkunt ditz briefs versieczilt mit unsirm insiegel, der geben ist zu Triere, nach Cristus geburt drutzenhundirt jar, dornach in dem
1980 2223 3272 2301 acht und funftzigstem jar an sant Marien Magdalenen tag.
