9017 6363
1092 255 5851 964 proprich von Gots gnaden romischen reiche¬
1620 951 5842 1081 brief allen den, die in sehent oder hören lesen, das wir mit sunderlichem rat, der hochgeborn fursten und herren Lud marggrafen
1606 1079 5840 1201 ze Brandenburg, unsers pruder Ruprechts des Eltern, pfallentzgraven by Rein und herczogen in Peyern, unsers lieben vettern, Albrechts¬
1674 1201 5816 1312 des vater, und Rudolfs des suns hertzogen ze Osterreich, unserr oheim, und anderr fursten, freunde und edelte, lante, mit
1663 1311 5816 1425 wol bedachtem mut, und mit gutem willen dem allerdurchluchtigsten fursten und herren, hern Karln, Romischem kunig, ze allen zeiten
1705 1415 5874 1539 merer des reichs und kunig ze Peheim, unserm lieben herren sweher, und vater, gelobt haben und geloben auch mit guten trewen ane¬
1694 1525 5836 1656 geverde, mit dem gesworen aid, den wir daruber zu den heiligen getan haben, daz wir die hochgeboren furstinne die herczoginne von
1676 1632 5820 1773 Lignitz, des obgenanten unsers herren des kunigs tochter und mumen, die er in seinem kunklichen haus freuntlichen ertzogen hat zu
1688 1735 5834 1884 einer elichen wirtinne und zu rechter konschaft, nemen wellen und sullen von disem heutigen tag, inwendig einem gantzen iare¬
1676 1855 5818 1999 oder in kurtzern unsten, wenne, oder auf welhe zeit unser herre der kunig des ze rat wirt, und mannen, und nostrllen ir geben¬
1622 1958 5792 2118 dreizzig tausent guldin florin gut von golde, und swar von gewichte, ze rechter morgengaben, da mit ze tun und ze lazzen nach freyer¬
1691 2097 5890 2234 wilkure. Und das selbe gelt machen wir, der obgenanten furstinne, unser gemaheln, auf unser stat ze Ockendorf mit stewin, manten¬
1711 2207 5858 2353 und zollen, und auf dem gencht ze viechtach mit dem kauften, und seiner zugehorung, das sie die selben ze rechter morgengabe¬
1701 2328 5848 2477 innehaben und besiczzen sol, ob an unser von todes wegen icht geschach, uncz an die zeit, das unser erben oder nachkom jar, die¬
1693 2449 5829 2592 bgenanten dreizzig tausent guldin, gar und genczlich verrichten und bezaln, auch geloben wir mit guten trewen on geverde, daz wir die¬
1553 2574 5859 2708 zweinczig tausent guldin, die uns der vorgenanten unser herre der kunig ze haimsteur geben sol und alles ander gelt, das er uns von
1733 2696 5831 2832 seinen gnaden schaffend wirt, an chein stat wenden noch legen suben, und da mit nicht anders, tun denne neur nach seinem sunderlichen
1701 2813 5791 2962 rat. Mit urchund dicz briefs, der versigelt ist mit unserm anhangenden insigel, und geben ze Pazzawe, nach Krists gepurt¬
1710 2944 5342 3060 dreutzehen hundert jare, darnach in dem dreu und fumfzigstem jare, des freitags nach sand Aleyn tag.
