3000 2069
382 193 2015 312 Wir Wilhelm von Gots gnaden ertzebischof zu Cöln, des heiligen reichs ertzcanzler in Italien, bekennen und tun kunt offenlich mit disem brive
473 291 2034 344 allen den, die in sehent odir horent lesen. Alleine die brive dez allirdurchluchtigsten fursten und herren, hern Karls romischen kungs zu allen tzeiten merer
460 325 2052 378 des reichs und kungs zu Behem, unsirs lieben gnedigen herren, die er ubir seine pfantschefte der stat und dez landez zu Eger und der vesten Flozz und Park¬
471 355 2041 406 stein und waz dorczu gehoret, gehabt hat und die auch seliger gedechtnuzze die hochgebornen fursten, ettwenne kunge zu Beheim, seine eltern durch merkli¬
470 388 2025 434 chir sachen willen von dem heiligen reiche behalden und dirworbin haben, von widirczemer ungeschicht beide verbrennet und verlorn sint, das er domite
472 420 2029 465 sein recht nicht beweisen mag, als billich were, doch, sintdemmal, daz uns dieselbe pfantschaft wol kundig ist und wir sulcher geleginheit wol und gencz¬
478 454 2037 497 lich undirweisit sein, daz die obgenante stat zu Eger mit dem lande und die vesten Flozz und Parkstein mit allen zugehorungen dem kungrich und der cronen
472 484 2025 528 zu Beheim umb viertzig tausent mark lotigs silbers, sechst halbin guldin florenczer gewicht fur ye die mark tze reyten, zu rechtem pfande, recht und red¬
472 517 2065 561 lichen von wegen des heiligen reichs versetzit sind, und sein eldirn und vorvarn, kunge zu Behem, in gewere und rechter besitzunge derselbin pfant¬
476 549 2034 594 schefte gewesen sint und er noch ist uf disen heutigen tag, des haben wir angesehen die besundire gnade und den nutczen, fleizz und auch die steticli¬
481 580 2063 627 che arbeit, domite der obgenante romische kung, unsir herre, dez heiligen reichs nutcz und ere getrewlichen undirstanden hat, und haben auch gebruvet die merklichen getrew¬
481 615 2024 659 en dienst, die seine eldern, ettwenne hochgeborne kunge zu Behem, dem obgenanten reiche erlichen und nuczlichen offte getan haben, wanne auch das kungriche zu
474 644 2017 694 Behem ein edles wirdiges gelyet ist der, romischen cronen. So meinen und wollen wir sulchen schaden des obgenanten kungrichs zu Behem vernumfticlichen
477 678 2019 726 undirsteen durch die besundir trewe, domite wir, als ein kurfurste dem heiligen reiche verbundin sein, uf die rede, daz der obgenante unsir herre daz selbe seine
477 715 2041 760 kungrich zu Behem durch sulchen tzweivel icht beschedigit odir gehindirt werde, so bekennen wir mit wolbedachtem mute und mit rechter wizzen, daz die
477 745 2045 794 obgenante stat zu Eger mit dem lande und die vesten Flozz und Parkstein mit merkten, dofern, mit edlen und unedlen, armen und reichen, kreizzen und allen
477 777 2025 827 czugehorungen, die in den gemerken derselbin lande und vesten gelegin und gesezzin sint, dez obgenanten unsirs herren, als eines kungs zu Behem, seiner erbin und
481 811 2038 862 nachkumen, kungen zu Behem, und der cronen dezselbin kungriches rechte pfantschaft lange gewesin sind und noch sein fur viertzig tausent mark lotigs
477 842 2039 895 silbirs sulchis gewichtes, als dovor begriffen ist, und dieselbin pfantschaft bestetigen wir mit rechter wizzen in aller der mazze, als dovor begriffen ist,
477 875 2050 929 und geben dortzu unsire gunst, willen und wort, als ein erczbischove zu Cöln, dez heiligen reichs erczcancler in Italien und ein kurfurste dez heiligin reichs. Mit urkund
476 909 2013 962 dicz brives, versigilt mit unserm insigel der gebin ist zu Speyr nach Cristus geburtte dreuczen hundert jare, dor noch in dem drey und fumfczigsten jare,
478 962 1122 995 an der nechstin mitwochin vor dez heiligin santh Niclas tage.
