3000 2261
381 253 2097 312 Wir Baldwin von Gots gnaden erczebischove zu Tryere, des heiligin reichs erczcanczler durch Welische lant und daz kungrich zu Arle, bekennen und tun kunt offenlich
408 282 2075 346 mit disem brive allen den, die in sehent odir horent lesen, alleine die brive dez allirdurchluchtigsten fursten und herren, hern Karls romischem kungs zu allen tzeiten merer
410 315 2071 379 des reichs und kungs zu Beheim, unsirs lieben gnedigen herren, die er ubir seine pfantscheft der stat und des landes zu Eger und der vesten Flozz und Parkstein und waz
407 345 2074 411 dorczu gehoret, gehabt hat und die auch seliger gedechtnuzze die hochgebornen fursten, ettwenne kunge zu Beheim, seine eltern durch merklichin sachin willen von dem heiligen
416 378 2088 443 reiche behaldin und derworben haben, von widirczemer ungeschicht beyde verbrennet und verlorn sint, daz er domite sein recht nicht beweisen mag, als billich were,
412 413 2108 480 doch, sintdemmal, daz uns dieselbe pfantschaft wol kundig ist und wir sulchir geleginheit wol und genczlich undirweisit sein, daz die obgenante stat zu Eger mit dem lande
404 447 2109 514 und die vesten Flozz und Parkstein mit allen czugehorungen dem kungriche und der cronen zu Beheim umb viertzig tusent mark lotiges silbers, sechst halben guldin floren¬
408 485 2091 549 tzer gewicht fur ye die mark czu reyten, zu rechtem pfande, recht und redlichen, von wegen des heiligin reichs versetzit sind, und sein eldirn und vorvarn, kunge zu Be¬
412 521 2070 583 hem, in gewere und rechtir besitzunge derselbin pfantschefte gewesen sint und er noch ist uf disen hutigen tag, des habin wir angesehin die besunder gnade und
408 554 2086 616 den nutczen, fleizz und auch die steticliche arbeyt, domit der obgenante unsir herre, dez heiligin reiches nutz und ere getrewlich undirstandin hat, und habin auch ge¬
413 588 2116 647 bruvet die merklichin getrewin dienst, die seine eldern, ettwenne hochgeborne kunge zu Behem, dem obgenanten reich erlichin und nuczlichin offte getan haben, wanne
412 622 2116 682 auch das kungriche zu Behem ein edlez und wirdigez gelyet ist der, romischen cronen, so meinen und wollen wir sulchin schaden dez obgenanten kungrichs zu Behem vernuf¬
406 660 2108 718 ticlich undirsteen durch die besundire trewe, domit wir, als ein kurfürste dem heiligin reich verbunden sein, uf die rede, daz der obgenante unsir herre daz selbe sein kung¬
406 696 2110 752 rich zu Behem, durch sulchin tzweyvel icht beschedigit oder gehindirt werde. So bekennen wir mit wolbedachtem mute und mit rechter wizzen, daz die obgenante stat zu
402 733 2106 785 Eger mit dem lande und die vesten Flozz und Parkstein mit merkten, dorfen, mit edlen und unedlen, armen und reichen, kreizzen und allen zugehorungin, die in den ge¬
402 771 2104 820 merken derselbin lande und vesten gelegen und gesezzen sint, dez obgenanten unsirs, herren als eines kungs zu Beheim, seiner erbin und nachkumen, kunge zu Beheim, und der cronen
412 805 2091 853 dezselbin kungrichs rechte pfantschaft lange gewesen sein und noch sein fur fyertzig tusent mark lotiges silbers sulchis gewichtez, als dovor begriffen ist. Und diesel¬
406 840 2103 890 bin pfantschaft bestetigen wir mit rechter wizzen in allir der mazze, als dovor begriffen ist, und gebin dortzu unsire gunst, willen und wort, als ein ertzbischove zu
410 878 2103 924 Tryere, der heiligin reichs ertzcanczler durch Welische lant und daz kungrich zu Arle un kurfurste dez heiligen reichs. Mit urkund dicz brives, versigilt mit
405 913 2095 960 unserm insigel, der gebin ist czu Meincz nach Cristus geburtte dreyczen hundirt jare, dornoch in dem drey und fumfczigsten jare dez nechstin suntags nach dez heiligen
412 968 734 999 czwelfboten santh Thomas tag.
