6577 4622
637 912 4791 1335 Wir Heinrich Schenke von Friedeburg und Ulrich Schenke von Rychenecke bekennen uffenliche und tun kunt allen luten, dy diesen brieff
705 1318 4803 1452 sehent, horent oder lesent, daz wir dem allerdurchluchtigesten fursten und herren, hern Karlen romschem kunge zu allen zeiten merere dez reiches
707 1427 4792 1557 und kunge zo Beheim, unsern gnedigem herren, seine lebetage di vesten zu Helfenberg von der kinde wegen zu Erenfels, der dy selben vesten ist
719 1528 4808 1651 und di in unser momparschaft sint, verbunden und verstricket han in aller wyse, als herna geschrieben steet, von erst sal man unserm egenanten herren
711 1624 4774 1750 dem romschem kunge, als lange er lebet, di vorgenanten vesten, wanu er dez gesinnet, uffenen und sich dar usz und dar in wyder allermenlichen
713 1721 4810 1857 behelfen lazzen zu allem seinem willen und an alle hindernuzze und wydersprache, und wann unser egenante herre der kung wil, so mag er kost und
711 1821 4789 1953 lude zu seinem willen in di egenanten vesten schicken, sich da myde wyder allermenlichen zu behelfen, also doch daz er beware und bestelle, wie
711 1940 4807 2063 iz mit yme queme, ob er verfure, daz Got verbiete, daz dan di lute, di er in die vorgenanten vesten geschicket hette, di selben vesten uns oder den
687 2038 4840 2153 vorgenanten kinden von Erenfels, ob si zu yren jaren quemen, wieder antwerten sullen ane alle wiederrede und hindernuzze. Ouch sullen wir di vorgenanten
714 2139 4854 2268 kindere von Erenfels bei di egenanten vesten zu Helfenberg nyt komen lazzen, si enehaben von erst unserm egenanten herren dem kunge gelobet, gesichert
705 2246 4876 2371 und zu den heiligen gesworn und yn, das ym wol genunge, sicher gemacht, daz si stete und veste halden sullen genczliche und unverbrochenlich
708 2351 4778 2470 alles daz, daz da vor geschrieben steet. Alle dise egenante sache und ir iecliche besunder han wir unserm egenanten herren den romschem kunge in guten
707 2461 4831 2574 trewen gelobet, mit rechter sicherheit gesichert und uffenliche zu den heiligen gesworn, stete und vestliche unverbrochenliche zu halden und nit
700 2558 4844 2679 dar wieder zu tune in keyner hande wyse, uzgescheiden allerley argelist und geverde an allen dysen egenanten sachen und an ir ieclicher besunder.
692 2683 4812 2777 Und aller dyser egenanten stucke zu stediger warheit und urkunde han wir Heinrich und Ulrich vorgenante unsere ingesiegele an dysen briff
690 2788 4822 2880 gehangen, der gegeben ist, da man zalte nach Cristus geburte druczehen hundirt jar und darna in dem vier und funffczigestem jare,
677 2898 2630 2986 uff sente Johans dez Heiligen Teufers tag als er wart geborn.
