6956 5579
1037 667 4435 933 Wir Ruprecht der Elter von Gots gnaden pfallenczgraf bei Reyn, dez heiligen reichs oberster truchsezze und her¬
1037 922 4474 1027 czog in Beyrn, bekennen und tun kunt offenlichen mit disem brife allen den, die in sehent oder horent lesen. Allein
1037 1032 4446 1115 der allerdurchleuchtigste fürste und herre, her Karl Romischer kunig zu allen zeiten merer dez reichs und ku¬
1037 1109 4446 1214 nig zu Beheim, unser lieber gnediger herre, fur sich, sein erben und nachkomen, kunge zu Beheim und grafen zu
1032 1225 4457 1303 Luczemburg uns gelobet habe mit seinen kuniglichen gnaden daz er uns, unser erben und nachkomen bei den
1026 1314 4419 1424 vesten, die zu seiner grafschafft zu Luczemburg gehorent und die uns fur unser zugelt eingeben und ge¬
1032 1435 4430 1518 antwurtet seind, lazzen und behalden wolle nach brife laute, die wir darüber haben von im und seliger ge¬
1037 1513 4457 1629 dechtnuzse dem hochgeboren fürsten hern Johansen ettwenn kunige zu Beheim, seinem vater, doch durch
1037 1629 4452 1728 sunderliche liebe, die wir zu dem obgenanten unserm herren haben, gunnen wir im, seinen erben und nach¬
1043 1734 4452 1833 komen, kungen zu Beheim oder grafen zu Luczemburg daz sie die selben vesten inwendige zwein ganczen
1065 1828 4424 1944 jaren zu zelen von sant Merteins tage der schierst kumftige ist, umb also vil gelts, als unser brife sprechen,
1054 1938 4413 2071 ledigen und losen mugen nach freyer willekür one alles hindernuzze. Mit urkunde dicz brifes versi¬
1048 2082 4435 2170 gelt mit unserem insigel, der geben ist zu Hagenowe nach Christus geburt drewczehen hundert und in
1048 2159 4457 2270 dem drew und fumfczigstem jare, dez nechsten eritags nach sant Symonis und Judas tage, der heili¬
1098 2264 1849 2380 gen zwelfboten.
