9106 5486
1666 414 7192 759 Wir Ruprecht der Elter von Gots gnaden pfallentzgrave bei Rein, dez heiligen reichs obrister truchtsezze und herczog in Beiern, bekennen und tun kunt offenlich mit diesem brieve allen den, die in sehen oder ho¬
1963 774 7177 851 ren lesen, sint dem mal, daz wir mit wolbedachtem mute, mit rate unser frunde und mit rechter wizzen dem allerdurchluchtigsten fursten und herren, hern Karl Romischem kunige ze allen zeiten merer dez reichs und
1961 859 7160 934 kunge ze Beheim, unserm lieben genedigen herren seinen erben und nachkomen, kunigen ze Beheim, erbiclich und eweclichen umb tzwelf tusent marek lotiges silbers, domit er den hochgeborn fursten hern Ruprechten
1971 945 7151 1030 den Jungern, unsers bruders son, uz seinem gevengnuzze von Sachsen gelediget und geloset hat, die nachgeschrieben vesten Neuwenstat, Stornstein, Hirsow, und Lichtenstein und darnach umb tzwenzig tusent marek
1977 1043 7149 1125 lotiges silbers, die er uff seliger gedechntnuzze den hochgeborn fursten hern Rudolfen etwenn pfaltzgraven bei Rein und hertzogen in Beiern, unsern lieben bruder uns wizzentlich gewendet und im gelihen hat, dye
1975 1138 7151 1227 nachgeschrieben vesten, stete, und merkte Sultzbach, Rosemberg, Hertenstein, Nidstein, Turrendorf, Hiltpoltstein, Hoenstein, Lichtenecke, Frankenberg, Lauffen, Eschembach, Hersbrucke, Awrbach, Velden, Pegnicz und
1967 1241 7167 1327 daz Plech und allez, daz der egenant unser bruder zu Beiern innegehabt und besezzen hat, mit allen dorfen, leuten, herschefften, guten, gerichten, bennen, tzollen, geleiten, vorsten, wiltpennen, gulden, zinsen, nutzen,
1981 1341 7185 1432 vellen, welden, puschen, geiageden, vogelweiden, wiesen, weiden, wazzern, mulen, wazzerleuften, teichen, vischereien, bergen, grunden, slichten, gemirken, kreizzen, weichpilden und allen nutzen ob und under der erden,
1980 1444 7206 1543 wie man die benennen mag, und auch mit rittern, knechten, mannen, manschefften, lehen, lehenschefften, verlehenten guten, kirchlehen und gotsgaben, dienern, pfantschefften von dem reich oder sust von ymanden
1959 1551 7157 1650 anders und allen zugehorungen, erbe und eigen, als iz gelegen ist, pfantschafft fur pfantschafft, recht und redelich verkouft haben in alle der mazzen, als sei der obgenant unser bruder seliger inngehabt und besez¬
1981 1653 7143 1754 zen hat, und als sei von seinem tode uff uns erbeclich vervallen waren, und uns auch vertziehen haben fur uns, unser erben und nachkomen ewiclich allez rechten, ansprache und anredunge, die wir zu den
1983 1747 7168 1858 obgenanten vesten, steten, merkten und allen zugehorungen, als sei dovor begriffen sint, gehabt haben, haben oder gehaben muchten in dheine weis, und uns auchvertzeihen haben aller hilfe geistlichs und we¬
1991 1859 7145 1964 rentlichs rechten und aller gesetze keiserlicher und babstlicher buche, der lande gewonheit und aller ubungen und behaltnuzze, domit desselbe kauff möchte in dheine weis gehindert werden, und meynen, daz
1997 1961 7179 2068 wir, unser erben und nachkomen uns domit nymer in dheinen zeiten mit dem rechten oder mit der tat, mit worten oder werken behelfen sullen oder wullen. Auch haben wir gelobt mit guten truwen ane¬
1989 2046 7217 2171 geverde vor uns, unser erben und nachkomen dem obgenanten unserm herren, seinen erben und nachkomen, kunigen ze Beheim, daz wir yn und der cronen desselben kunigrichs alle die obgenanten vesten, stete, merk¬
1997 2168 7192 2269 te und zugehorungen als sie dovor begriffen sint, versprechen und entwerren sullen und wullen beynamen fur unser vettern, keiser Ludowigis seligen kinderen, hertzogen Ruprecht dem Jungern, des obgenan¬
1997 2258 7160 2371 ten unsers bruder son und fur allermenlich und fur alle ansprache eynes iglichen, wie der genant sei, als in den landen recht und gewonlich ist. Dovon geloben wir mit guten truwen anegeverde und
1999 2365 7187 2480 mit gesworem eide fur uns, unser erben und nachkomen dem obgenanten unserm herren, seinen erben und nachkomen, kunigen ze Beheim, daz wir sie und auch die cronen desselben kunigreichs in allen den
1993 2465 7188 2587 obgenanten vesten und iren zugehorungen, als sie dovor begriffen sein, bei allen rechten und guten gewonheiten lazen sullen und wullen ewicliehen, da bei wir furmals hertzogen Rudolfen seligen, unsern bruder
1997 2568 7181 2690 den obgenanten, gelazen haben und in den er bei uns uff diese zeit gesezzen ist, und sie zu denselben rechten und gewonheiten getruwelichen und fruntlichen schirmen und dobei behalten nach unserm vermogen
2005 2679 7113 2799 ane geverd. Were auch, daz zwisschen unserm lande zu Beiern, amptluden, leuten und dienern beiden seiten dheinerleie ufflauf oder zweiungen entstonden und man dieselben mit fruntsehafft nicht
1994 2797 7145 2902 versunen muchte, die sal man mit dem rechten uztragen, als in den landen ze Beiern von alter recht und gewonlich gewesen ist. Mit urkunt diz brives, versigelt mit unserm ingesigel, der geben ist
2013 2901 6062 3004 zu Hagenow nach Crists geburt druczen hundert jar, darnach in dem dreu und funftzigstem jar, an dem nehsten dinstag vor aller heiligen tag.
