7479 5944
1048 392 5094 775 Wir Gerlach von Gots gnaden erczbischof zu Mencz, des heilgen romischen riches in duetschen landen erczcanczler, be¬
1231 726 5094 879 kennen und tun kunt offenlich mit disem brive allen den, die in sehent odir horent lesen, wann die hochgeboeren fursten,
1209 837 5094 979 her Ruprecht der Eldest und her Ruprecht der Jungste palanczgrebe by dem Ryne und herczogen in Beyern, unsirn lieben
1232 979 5141 1092 neven, mit wolbedachtem mude, mit rade irer frunde und auch mit rechtir wizzen dem allirdurchluchtigsten fursten und
1211 1107 5027 1220 herren, hern Karl, Romischem kunge, zu allen cziden merer des richis und kung zu Behem, als eynem kunge zu Behem,
1229 1231 5183 1344 synen erben und nachkummen, kungen zu Behem, und der cronen des selbin kungriches dy nageschriben vesten Hohinsteyn
1237 1362 5112 1466 und die merkte Hersbrucke und Aurbach, die von dem heilgen reiche lehin sint, mit allen rechten, herscheften, nuczen und
1242 1485 5068 1614 zugehorungen, wi man die benennen mag, zu rechtem erbelehin recht und redelich virkout haben in aller der mazze, als
1230 1638 5092 1762 die obgenannten vesten und merkte, mit yren zugehorungen nach dode seliger gedechtnisse des hochgeboren forsten hern Rudolfs,
1243 1771 5096 1914 ettwenn palanczgrabe by dem Ryene und herczog in Beyern, uff sie birballin woren, als in briven, die ubir den selben kouf
1215 1904 5116 2057 gemachit sint, vollenkumelich ist begreffin, des han wir angeschin die luetir begerunge der obgenanten palenczgreben, unsirn ne¬
1228 2039 5160 2187 ven, und ouch die stede und veste truwe, damid die hochgeboren kunge von Behem daz heilge riche allewege gemeynit haben,
1224 2172 5068 2318 und geben darczu unsirn willen und gunst und bestedigen und approbiren den selbin kouf mit wolbedachtem mude und mit
1213 2307 5072 2447 rechtir wizzen in alle der mazze, als in den koufbriben begriffen ist, als eyn erczbischof zu Mencze und eyn kurfurste des
1209 2435 5074 2583 des heilgen romischen riches. Des zu urkunde han wir unsir engesigel an disen brif thun henken, der gegebin ist
1230 2570 5060 2735 zu Meincz nach Crists geburt dreuczehen hundirt jar, darnach in dem vier und fumfczigsten jare, an dem nehsten
1211 2710 2816 2822 mitwochen nach der heilgen dry kunge tage.
