9278 7936
1502 1093 5769 1274 Johannes, Dei gratia Boemie et Polonie rex et Lucemburgensis comes, universis, ad quos presentes pervenerint, imperpetuum. Bene novit
1458 1196 5786 1366 maiestas regia presencia queque disponere futuris etiam sic providere negociis ut tamen dispendiis preterita non commendet,
1494 1308 5824 1459 sed gesta retroactis curriculis temporum innovando et approbando sua consuevit auctoritate firmare sane libertatum et privi¬
1482 1422 5792 1565 legiorum indulta non nulla fidelis nostri dilecti Heinrici de Lipa, summi marschalci Regni Boemie, nos dedisse recolimus, ex
1443 1523 5850 1670 quibus tenor cuiusdam per omnia dinoscitur esse talis: Nos Johannes, Dei gratia Boemie et Polonie rex ac Lucemburgensis co¬
1467 1628 5805 1795 mes, ad universorum tam presentis etatis hominum, quam futuri noticiam volumus pervenire, quod nos de maturo et communi
1518 1748 5893 1898 principum baronum ac prelatorum et nobilium regni nostri Boemie consilio necnon deliberatione provida et solempni tractatu prehabitis
1499 1865 5830 2021 utilitatem et commodum nostrum et heredum nostrorum ac precipue ipsius regni nostri propter quedam futura, que nobis in ipso regno
1459 1979 5946 2136 nostro potuissent et poterant suboriri, dispendia euidentius cognoscentes cupientesque conditionem ipsius regni nostri facere meliorem
1456 2098 5833 2244 oppidum nostrum Hostradicz et villam Mispitz cum dominio, iure, iurisdicione, hominibus, pratis, pascuis, piscationibus, molendinis,
1479 2215 5831 2363 montibus, planis, agris cultis et incultis, rubetis, silvis, aquis, aquarumve decursibus et generaliter cum omnibus illis, cum quibus
1461 2329 5867 2495 dive memorie predecessores nostri, reges Boemie illustres, oppidum et villam predictam tenuerunt et nos tenuimus, usque modo additis
1464 2440 6036 2611 etiam aliis bonis nostris, super quibus similiter nostras dedimus litteras speciales cum fideli nostro Henrico de Lypa pro civitate et districtu
1467 2556 5883 2731 Sytaviensi, castris Ronow, Oywino et Schonbuch, villis, iuribus, dominio, pheudalibus, hominibus et eorum pertinenciis universis et
1477 2672 5889 2851 generaliter cum omnibus eis, cum quibus ipse huiusmodi usque nunc tenuit et possedit, ex certa nostra scientia nostro heredum ac successorum
1480 2791 5892 2949 nostrorum nomine commutavimus et permutamus et commutando in concambium damus et dedimus tradidimus et tradimus per ipsum
1503 2898 5864 3056 Henricum et heredes ac successores suos possidendum iure hereditario et tenendum, transferentes in ipsum Henricum heredes ac
1522 3022 5921 3180 successores suos omne dominium, omnem proprietatem et omnia iura, que nobis heredibus ac successoribus nostris in oppido et villa predictis
1420 3137 5970 3309 et suis pertinentiis universis competunt aut possent competere, aliqualiter in futurum taliter, quod ipse Henricus, heredes et successores
1522 3260 5939 3420 sui oppidum et villam predicta vendere, alienare in totum vel in parte et de ipsis, tanquam de re sua propria possint disponere pro
1492 3377 5941 3540 suo libito voluntatis renunciantes, expresse et ex certa nostra scientia nostro ac heredum ac successorum nostrorum nomine in integrum restitu¬
1500 3500 5919 3660 tioni, dolo et in factum actioni, decepcioni ultra dimidium iusti precii et omni alio iuris auxilio, quo iuvari possemus, ad
1474 3615 5857 3782 nontenendum vel non observandum omnia supradicta vel aliquod ex eisdem. In cuius rei testimonium presentes litteras fieri et sigillis
1470 3740 5895 3892 nostre maiestatis iussimus communiri. Datum Prage per manus venerabilis Johannis, Wissegradensis ecclesie prepositi, cancelarii regni Boemie,
1500 3858 6066 4009 Principis nostri dilecti, III nonas septembris anno Domini millesimo trecentesimo decimonono, regnorum vero nostrorum
1496 3978 6132 4139 anno nono. Nos igitur ex nobis innata clemencia favorabiliter eiusdem Heinrici de Lipa precibus annuentes prescriptum privilegium
1474 4093 6062 4270 cum universis et singulis suis clausulis ac contentis in ipso ratificamus, innovamus, approbamus et ex certa nostra sciencia confirmamus decernendo
1500 4201 5990 4399 idem privilegium robur plenum et firmitatem perpetuam obtinere. In quorum evidenciam et memoriam futurorum has sibi litteras dedimus sigilli
1474 4319 5660 4503 nostri maioris robore communitas. Datum Prage II kalendas octobris anno Domini millesimo trecentesimo vigesimo tercio.
