8292 6066
1799 1568 5775 1896 Wir Adelheit, von Gots gnaden abtesinne zu Pergen, und wir die gemein dez convents da selbes bekennen und tun kunt offenlich mit disem
2024 1825 5762 1919 brief allen den, die in ansehent horent oder lesent, wanne der allerdurchleuhtigst furste und herre her Karl, der romisch keyser und kunig
2031 1909 5762 2008 zu Beheim, unser genediger herre, uns und unsers closters lewt und gut, die wir haben in der gegende umb Herspruk in sein und seiner
2021 1998 5781 2102 nachkumen kunig zu Beheim versprechnuzz, schutz und scherm genedichlich genumen und enphangen hat, als ein kunig zu Beheim und dar
2030 2097 5779 2194 umb daz uns, unser lewt und gut in der obgenanten herschaft, dieselben unser herre und ir amptlewt fuderlich versprechen, schutzen und schermen
2042 2198 5757 2279 gen allermenigchlich sullen wir und unser closter dem vorgenanten unserm herren und seinen nachkomen kunig zu Beheim in daz ampt gen
1998 2293 5757 2383 Herspruk, ierlichen vom unserm closter geben zwo und dreizzig mutt habern und aht mutt roken und von unsern guten aht vogtswein und
2016 2389 5771 2469 von iglichem unserm gut, daz der vorgenant unser her mit vogtey innen hat oder haben sol, den vogteweitz und kes, als daz von alter herkomen ist,
2041 2488 5773 2563 und uber daz, daz vorgenant ist, sol der vorgenant unser herr sein vorgenanten nachkumen und amptlewt kein bet stewr gab reht gewonheit oder keinerley
2054 2573 5797 2656 beswerung uf die egenante unser lewt und gut setzen oder immer gevorden oder von in nemen, und dar umb sullen in unser arm lewt in der egenanten
2029 2657 5744 2755 gegende gesezzen ierlichen in daz obgenanten ampt gen Herspruk funtzig pfunt haller antwurten und bezaln, halbe zu sant Michaels tag
2059 2759 5806 2854 und halbe zu sant Walpurgen tag, und di vorgenanten haller sullen getrewlich uf die gut geteilt und gelegt worden, dar nach und si gut sint,
2048 2852 5729 2944 und igliches mer oder minner getragen mag, und uber daz sol uns vorgenanten herre sein egenanten nachkumen und amptlewt bey allen
2053 2955 5749 3048 unsern rechten und freiheit behalten und lazzen beleiben, auz genumen dez halsgerihts oder andere gerihte, als von alter herkumen
2039 3037 5739 3149 sint, und wanne der vorgenanten unser her uns und unserm closter solche genade getan hat, dar umb daz uns und unserm closter furbaz hin,
2076 3151 5709 3241 alleweg unser reht gantzz gult nach unsers salbuchs sag von allen unsern guten in der obgenanten gegende ierlichen werden, und ob sich dez
2061 3252 5751 3333 iemant widersatzt den sullen unser amptlewt darzu twingen und halden, und wo in daz zu swere wurde, so sullen in dez vorgenanten
2050 3353 5802 3433 unsere herren und sein nachchumen amptlewt zu dem Hohenstein und zu Herspruk, ernstlich und getrewlich darzu geholfen sein. Ez sol
2078 3448 5790 3530 auch der vorgenant unser herre und sein egenanten nachkumen kein unser gut oder keinerley reht daruf niemant geben, leihen, versetzen oder ver¬
2033 3530 5766 3635 kumern, dar von uns und unserm closter schade an unserm rehten gulten oder nutzen komen moht. Ez sol ouch kein unser lowt oder gut
2048 3633 5828 3732 fur den obgenanten unsern herren, sein nachkumen kunig zu Beheim oder amptlewt, pfant oder pfantler niht sein, noch fur niemant anders
2060 3732 5923 3823 danne fur uns und unser closter, und zu urchunde gebn wir vorgenanten Alheit, abtessinn dez egenanten closters zu Pegren, und wir der egenanten convent
2062 3821 5822 3925 dez selben closters, unsern egenanten herren hern Karl, dem Romischen keyser und kunig zu Beheim, und seinen nachkumen kunig zu Beheim
2056 3914 5826 4028 disen brief mit unsern insigeln versigelten, die beyde daran hangent. Der brief ist geben do man zalt von Christs geburt drewtzehn
2046 4011 5845 4135 hundert jar und in dem siben und funftzigstem jar an dem nehsten freytag vor dem suntag in der vasten, so man singet oculi.
