3000 2293
634 605 1987 743 Wier Ruodolff von Gotes gnaden herczog ze Oestereich, ze Steyr und ze Kernden, bechennen und tuon chunt mit disem
671 749 1992 781 brief, allen den die in sehen oder hören lesen, daz wir verhaizzen und gelobt haben verhaizzen und geloben, ouch dem
622 778 1999 824 allerdurchleuchtigistem fuersten, unserm lieben genedigen herren und vatter hern Karlen Roemischen keyser, ze allen
635 823 2017 862 zeiten merer des reiches und kunig ze Behem, und dem hochgebornen fürsten hern Johansen marchgrafen ze Mer¬
665 861 2015 900 hern, seinem brueder, unserm lieben oeheim, daz wier alle die brief, die wir in gegeben haben ze Budweis versigelt,
675 898 2013 936 mit unserm chlainen insigel versigeln sullen und wellen mit unserm grozzen insigel, ane vercziehen alz pald uns das
669 940 1965 972 gemacht und berait wirt, ane alle geverd. Mit urchund dicz briefs, der geben ist ze Budweis, an dem nechsten
666 975 2053 1011 mentag vor sand Veyts tag nach Kristes gepurd dreuczehenhundert iar darnach in dem ains und sechczigsten iare.
650 1010 978 1073 + hoc est verum +
2027 1175 2194 1230 registrata Johannes Saxo
