6416 4016
1088 1036 3462 1311 Ich Heinrich von Wildenstein bekenne und tun kunt offenlich mit diesem brife
1292 1178 3472 1280 allen den, die in sehent oder horent lesen, daz der allirdurchleuste fürste und herre,
1304 1246 3451 1361 her Karl romischir keiser zu allen zeiten merer des reichs und kunig zu Beheim,
1296 1317 3521 1433 mein liebir genediger herre, an den fumftausenten und achtzig schokken, die er mir
1298 1394 3473 1502 von des hausz wegen Rotemberg schuldig ist, daz er von mier umb daz egennanten gelt ge¬
1290 1473 3489 1588 kauft hat, mier an demselben gelde geben und betzalit hat fumf hundirt schok gutir
1300 1551 3431 1662 behemischir grozz, derselben fumfhundirt schokke sag ich den egenanten meinen herren
1298 1635 3447 1748 den keiser und alle sein erben fur mich und alle mein erben gantz und gar quit,
1302 1676 3523 1842 ledig und los mit diesem briefe, versiegelt mit meins vorgenanten Heinrichs angedruk¬
1290 1789 3475 1924 tem ingsiegel. Der geben ist zu Prage nach Cristes geburde dreyzehenhundert iar in
1292 1860 3429 2001 dem sechtzkistem iare an dem nahsten freytage vor allir manne vasnacht.
