10873 7460
1610 851 8402 1038 Nos Sigismundus, Dei gracia romanorum rex, semper augustus ac Hungarie, Boemie, Dalmacie, Croacie et cetera rex, et Albertus, eadem gracia dux Austrie, Stirie, Karinthie et cetera et marchio Moravie, notumfacimus tenore presentium universis, quod nos
1606 956 8446 1136 nuper vidimus et auscultari ac legi fecimus certas litteras obligaciones et proscriptiones illustris principis Casimiri, ducis Opolie, non abrasas seu cancellatas, sed integras, sanas et omni vicio ac suspicione carentes sigillisque veris et non
1622 1055 8203 1209 fictis firmius communitas, quas ad presentes nostras litteras atque scripta inseri et transscribi fecimus ut eis aquocumque homine adhibeatur fides infallibilis atque firma, quarum quidem litterarum tenor per omnia de verbo ad verbum sequitur et est talis:
1602 1143 8404 1299 Magnifico et Illustri domino suo domino Wenceslao, serenissimo regi Boemie et marchioni Moravie, Kazimirus, Dei gracia dux Opuliensis et dominus in Bythum, cum prompta devocione sue fidelitatis servicium indefessum: Cum nature ingeni¬
1604 1227 8420 1390 ose artificio creaturam suam summus opifex in propagandorum rerum omnium origine sic formaverit sicque disposuerit, ut quelibet res rotive conservacionis locum, ibi appetat ibinque auxiliaris opis animiculum querat, ubi in sue stabilitatis permanen¬
1596 1318 8448 1480 cia melius et facilius se tuetur et amicicie vigor sit, in creatis suas extendat propagines, ut diversis potestatibus mundialis machine dissidencia uniat et res rebus concordi subiciat, unione mortalium quidem condicio, cum naturalium rerum disposicionem
1610 1403 8348 1565 adeo progressam opifice non inmerito eciam invitetur, ut ibi homines locum querant refugii, ubi auxiliare presidium absque spe refuga salubrius invenitur et illorum se submittant libencius potestati, qui dileccionis et amicicie puritate a retro
1595 1487 8418 1652 actis temporibus per progenitores tamquam radicitus preconcepta eos favorabilius prosequntur, imitans equidem premissa et attendens subsequencia, quod ex favore quodnam domini Otakari, regis Boemie, memorie retolende pater meus recordationis
1605 1575 8366 1737 felicis quondam Wladislaus, dux Opuliensis, propter devotionem et obsequia, quibus se totum cum prompta benivolencia eidem dederat, multa promocionis et honoris beneficia suis temporibus sit fortitus, ego, qui in bonis et utilibus actibus
1607 1658 8380 1821 sequor, libenter vestigia patris mei considerato et euidenter congnito, quod bonitas, favor et potencia vestre dominacionis, qui clare indolis insignibus renicestentes et paterne prudencie nansciscentes vestigia non lentescitis subditorum vestrorum comoda pro¬
1611 1741 8428 1906 curare plurima michi filiis heredibus ducatui et hominibus meis in ipso ducatu meo existentibus honoris pacis et profectuum affere poterunt incrementa maxime, cum per vos et successores vestros melius, quam per alium a meis violentis et meorum fide¬
1591 1822 8402 1985 lium oppressoribus aquibus huiusque oppressi sumus et opprimimur, potero cum eisdem meis fidelibus defensari de consilio deliberato et bona voluntate ac concensu filiorum meorum Boleslai et Wladislai ac propinquorum, amicorum, baronum et aliorum
1605 1903 8434 2070 meorum et ipsius ducatus mei nobilium non coactus nec vi nec metu inductus, sed bona spontanea et libera voluntate mea volens in hoc meam filiorum, heredum et successorum meorum conditionem facere meliorem verre heredum ac successorum
1583 1992 8369 2153 virorum omnium regum Boemie potestati et dominio me, filios, heredes et successores meos et successorum meorum heredes ducatum, castra, civitates, opida et universas possessiones meas et omnium baronum, nobilium, aliorum terrigenorum meorum in ipso du¬
1607 2079 8345 2233 catu meo degencium sive manencium ac ipsos barones nobiles et terrigenas meos de unanimi eorum consensu nonnullis etiam ipsorum presentibus subiecti et in hiis scriptis subicio et manere volo perpetuo, sic subiectos eosdem nichilominus ba¬
1593 2166 8363 2315 rones, nobiles, terrigenas alios, cives et universos ducatus mei incolas seu habitatores a fidelitate et homagio, quibus michi et meis heredibus filiis ac universis successsoribus sunt astricti, exnunc sine difficultate qualibet tenore presencium ab
1597 2255 8361 2395 soluendo resignavi etiam et exnunc resigno publice per vexillum meum eundem meum ducatum et omnia jura euisdem ducatus cum iuribus et dominio, que michi, filiis, heredibus et successoribus meis universis in eodem ducatu competunt, meo fili¬
1597 2334 8420 2481 orum meorum, qui nati sunt et siqui nascentur imposterum, omnium heredum et successorum meorum nomine ad manus potestatem et dominium verum, qui recipitis a me resignacionem eandem pro vobis et heredibus veris ac heredum successoribus a vobis inperpetuum descen¬
1601 2418 8367 2568 dentibus universis in presencia subscriptorum testudinis ad hoc per me, filios, barones et nobiles ducatus mei predictos specialiter vocatorum et renuncians expresse meo, meorum filiorum, heredum et successorum meorum quorumlibet nomine omnium privilegiorum, pa¬
1579 2501 8355 2654 trociniis et libertatibus, que michi et eisdem filiis, heredibus et successoribus meis super ducatu ipso et iuribus eius competunt vel possunt competere infuturum, et specialiter illi libertati renuncians, quam mei predecessores, duces Opulienses, habu¬
1575 2587 8327 2737 erunt antea et quam ego huiusque habui et mei filii, heredes et successores infuturum habuissent ex consuetudine aliqua vel de iure in eo, quod nulli alti principi poterant subici vel debebant, a vobis dominio meo in feudum et iure feudi predictum
1567 2672 8297 2819 ducatum dignitatem titulum et honorem euisdem ducatus necnon barones, nobiles et omnes alios homines et habitatores euisdem ducatus ac omnia alia iura ducatus predicti recepi et exnunc recipio vobisque tamquam meo et
1593 2760 8311 2898 feudi domino homagium feci et facio et vobis fidelitatem, devotionem et obedientiam perpetuas promisi et nunc promitto corporali interposito iuramento in presencia testudinis eorundem ordinando et omnino fieri volendo ut filii, heredes et successores mei
1584 2840 8315 2978 universi in ipso feudo michi decetero succedentes de manibus vestris et successorum vestrorum idem feudum sive ducatum recipere et vobis vestrisque successoribus homagium, fidelitatem et obedienciam interposito eciam iuramento promittere ac similiter
1609 2921 8287 3063 facere inperpetuum teneantur, obligando nichilominus me, filios heredes et successores meos solempni stipulatione interposita vobis et successoribus vestris, Boemie regibus, quod quocienscumque vel quantumcumque vos iusseritis vel vestri iusserint successores
1601 3009 8311 3145 vos et eos iuvabo et iuvari volo per successores meos contra omnem hominem fideliter toto posse tamquam ut vasallus quilibet sive baro regni vestri necnon ad omnia alia et singula in perpetuum, que iura feudi exigunt et requirunt, et
1559 3089 8319 3230 eciam ad illa, que quisque fidelis vasallus suo vero domino facere potest in omnibus atque debet, promitto insuper et promisi pro me heredibus et successoribus meis predictis sub prescito iuramento predicta omnia et singula predictorum rata
1563 3173 8319 3320 et firma tenere et adimplere ac servare perpetuo nec unquam contra eadem vel eorum aliquod venire vel facere per me vel alios aut alium quoquomodo et renunciam expresse atque renuncio tenore presencium in omnibus premissis et quolibet premis¬
1597 3260 8341 3411 sorum pro me, filiis, heredibus et successoribus meis omnibus omni actioni, defensioni rei cuilibet et omni auxilio iuris canonici et civilis consuetudinibus constitucionibus et statutis contrariis privilegiis sive indulgenciis quibuslibet
1571 3347 8299 3497 et illis specialiter privilegiis seu indulgenciis, quibus a sede apostolica vel a romano imperio seu a quibuscumque aliis vel alio Polonie principibus est provisum, ne Almanie vel aliis principibus se subiciant et eis homagium faciant et aliis
1577 3440 8339 3576 quibuscumque tam generalibus, quam specialibus privilegiis seu indulgenciis, quas ego vel heredes mei possemus contra predicta vel aliquod predictorum de iure obicere vel defacto, et que michi et successoribus meis ut contra premissa omnia
1577 3524 8329 3657 vel eorum aliquod ego filii heredes et successores mei venire possemus et ea non teneremus vel non seruaremus, possent competere et aliqualiter suffragari. Incuius rei testimonium et robur perpetuo valiturum presens privilegium voluntarie
1551 3608 8367 3736 ac libenter racionis trado et offero sigillorum mei proprii et venerabilium patrum dominorum Thobie Pragensis et Theodrici Olomucensis episcoporum ac illustrium principum dominorum Polkonis, ducis Slesie et domini de Lewenberch, ac Nicolai, ducis Opaviensis, necnon ho¬
1557 3695 8358 3808 norabilium personarum Cristani Brewnoviensis, sancti Benedicti, Jordani montis Syon, premonstratensis, Reynheri Cladrubensis, sancti benedicti, et Henrici de Oszek, cisterciensis ordinum, abbatum pragensis dyocesis, et virorum venerabilium magistrorum
1563 3785 8373 3885 Ulrici Pragensis, Johannis Sacensis, Ulrici Melnicensis, et Pardi Boleslaviensis, ecclesiarum prepositorum, magistri Gregorii Pragensis, domini Budislai Olomucensis et domini Bartholomei Wissegradensis, ecclesiarum decanorum, ad mearum peticionum instanciam appensione in
1523 3861 8338 3966 testimonium euidens roboratum. Acta sunt hec Prage in castro et palatio regio inpresentia personarum superius expressarum et in presencia baronum et nobilium meorum, videlicet Zobeslai, iudicis terre mee, Leschonis, purchravii Bi¬
1550 3947 8332 4066 thumiensis, Brymislai, dapiferi mei ,Michaelis marschalci mei, Andree dicti Belile, Wernhardi et Theodrici, militum, Leonardi, Pauli, Leschonis, Stephani et Stephani Budiwoy, domicellorum nobilium in eorum et terre mee predicte, et in precencia
1544 4031 8327 4147 nobilium virorum Hogeri de Lompnicz, summi camerarii regni Boemie, Alberti de Seberch, marscalci eiusdem regni Boemie, Zdeslai de Sternberch, Pragensis purchravii, Benesii de Wartenberch, camerarii euisdem domini mei
1556 4113 8381 4235 regis Boemie, Wenczeslai Bawari de Strakonicz, purchravii in Klingenberg, Protiwem de Borobzko, camerarii serenissime domine mee regine Boemie, Alberti dapiferi et Johannis de Michelsperch, pincerne eiusdem regni, Purchardi
1530 4201 8363 4324 de Winterberch Theodrici Spaczmanni, in Wrenberch purchravii, Potonis de Potenstein, purchravii in Trest, Hinkonis de Luchtenberg, Hinconis de Duba, Mutine de Costomlat, Zbizlai de Trzebun, Friderici de Scho¬
1516 4284 8378 4406 nenburch, Ottonis de Ilenburch, Bohuslai de Bor, Dluhomili de Wezzele, Ulrici de Nouadomo et in presencia multorum aliorum tam religiosorum, quam secularium clericorum et nobilium, popularium et civium, qui propter hoc specialiter de omnibus
1530 4347 8463 4484 regni Boemie finibus pro testimonio fuerant convocati anno Domini millesimo ducentesimo octoagesimonono quarto idus januarii, indiccionum secunda. Incuius rei testimonium atque robur presentes nostras litteras
1520 4461 8418 4574 ac inserciones sigillorum nostrorum appensione fecimus firmius roborari. Datum Wienne anno Domini millesimoquadringentesimovicesimosexto die vicesima mensis marcii, regnorum nostrorum anno Hungarie et cetera tricesimonono,
1523 4557 2788 4653 romanorum sextodecimo et Boemie sexto.
7392 4610 8288 4837 Ad mandatum domini regis
7543 4830 8252 4910 Michael, prepositus Boleslaviensis.
