11892 7025
1727 503 5878 571 Wir, Bolke, von Gots gnaden herczog in Slezien, herre von Furstemberg, czu der Swydnicz unde czu dem Jawir, bekennen und tun kunt offenlich mit disem brive, alle den die in sehent odir horen lesen, das wir haben ange¬
1733 568 5830 635 sohen die sundirliche gnade und fruntliche gunst des allirdurchluchtigsten fursten und herren hern Karls Romischen kungs czu allen czeiten merer des reichs und kung czu Behem, unsirs liebin genedign herren, die er uns und
1733 631 5816 693 unsirn geslechte beweisit hat mit der konschaft, die geschebin ist czwischen im an einem teil, und der durchluchtigsten furstinne vrowen Annen, der Romischen kunginne und kunginne zu Behem, unsir liebin vrowen und
1737 692 5826 753 mumen, etwenne herczogin, Heinrichs, unsirs bruders tochter an dem anderen, und darumb gebin machin und verschreiben wir der obgennanten unsir vrowen und mumen als einer kunginnen zu Beheim und ires leibes erbin, die
1753 751 5811 814 sie mit dem obgenannten unsirm heren dem kunge habin wirdit unsir herczogtum, furstentum und herschafft zu der Swidnicz und zu dem Jawir mit den steten Swidnicz, Strigon, Hayn, Landshut, Reichenbach, Nympcz,
1739 813 5857 874 Jawr, Lewinberg, Hirsberg, Bunczlav und Czoboten mit den vesten und merkten Greiffenstein, Greiffemberg, Len, Schonow, Kliczchdorf, Hornsberg, Kinsperg mit allen mannen, manscheften, lehen, lehenscheften, verlehin¬
1744 874 5849 946 ten guten, gerichten, czollen, munczen, czinsen, gulden, kreizzen, weichpilden, kirchlehen, pfrimdin und gotsgaben, welden, puschen, pergen, slichten, wazzern, wazzerleuften, mulen, wizen, weiden, geyegde vogilweide, rech¬
1747 934 5852 1008 ten nutczen, gewonheiten und allen zugehorungen, wie man die benennen mag mit sundirlichen worten nichtesnicht usczenenemen in aller der mazze, als wir si mit haben und hernach mit rechte zu uns brengen mochten
1734 993 5829 1068 in sulcher bescheidinheit sei, daz sache, das wir von Gots verhenknuzze also verscheiden, daz wir eliche leibes erbin mannes geslechte hinder uns nicht lazzen, daz denne die obgennante unsir gnedige vrowe und liebe mume
1734 1053 5807 1130 und ires leibes erbin, die sie mit unsirn herren dem kunge habin wirdit als dovor geschribin stet dieselben unsir herczogtum, furstentum, herschefte, lant, leute und alle andire zugehorunge als dovor begriffen
1747 1110 5827 1193 ist, erben und besiczen sol genczlich ungehindert und domite tun und lazzen nach vrey willekur als mit irem rechten erbe unschedlich, doch der hochgeborne furstinne vrowen Agnesen, unsirn elichen wirtinne, in irem
1745 1174 5846 1257 leipgedinge wanne sie alle die obgenante furstentum, lant und herschefte mit allen nutczen habin und besiczen sol, nur czu iren lebtagen wer aber daz wir mit gnadin Gots eliche leibe erbin, mannes, geslechte, gewunnen
1757 1235 5824 1322 so sullen, die selben unsir erbin der obgenanten unsir vrowen und mumen odir ires leibs erben, ob sie nicht were czehentusent schok grozzer pfennige pragischer müncze mit gereitem gelde berichten und bezalen, odir die
1753 1299 5846 1388 vesten Lewenberg und Bunczlaw mit weichpilden, vesten, rechten, nuczen und zugehorungen zu rechtem pfande setczen, als lange uncz, daz sie die obgenanten czehintusent schok genczlich berichten und bezalen und domite sullen,
1760 1363 5848 1452 denne dieselbin unsir erben bei den obgenanten unsirn herscheften, furstentumme und landen ungehindl bleiben, wer auch daz wir eliche leibes, erben, mannes, geslechte nicht hetten und doch tochter liezzen so sullen die obgenanten unsir liebe
1788 1423 5838 1514 gnedige vrowe odir ires leibes erbin, die sie mit unsirm herren dem kunge gewinnet, iglicher unsir tochter czehentusent schog grozzer pfennige geben und sie bestaten nach rechtir gewonheit, als gebornen fursten kinder ouch
1763 1481 5848 1580 haben, wir gelobt und geteidingt bei daz sache, daz die obgenante unsir eleiche wirtinne, unsirn tot gelebit, daz sie danne nach der czeit unsirs todes keinen burggraven, pfleger, odir amptman uf vesten heusirn in steten odir
1770 1544 5814 1646 in landin verkeren, endern odir wechsiln sol es sei danne, daz sie einen biderman, der do gleich gut und gewizz sei dem erstin an sein stat setcze an dem der obgenanten unsir vrowen, odir iren erbin muge billichen genugen,
1774 1615 5794 1709 und daz der selbe zu vor sich aller gelubde eide und truwen verbunden, habe der obgennante unsir vrowen, der kuniginnen odir iren erbin, gleich seinen vorvaren an dez stat er geseczit wirdit, wer auch daz die obgennante
1755 1681 5806 1774 unsir genedige vrowe und liebe mume wartende dez obgenanten, Anen alles ee wanne sie in gewere, keme also sturbe, daz sie leibes erbin mit dem obgennanten unsirn herren nicht gewinne, so sullen alle man, ritter,
1784 1745 5805 1835 knechte, burggraven, burger und alle lancsezzen, alle der obgenannten eide und gelubde, ledig sein doch in sulcher bescheidinheit, daz dem obgennanten unsirn herren dem kunige und seinen erben, daz obgenante egelt und heymsteur
1771 1803 5848 1900 der obgenanten czehentusent schok gevallen sol, odir mit pfandin gesichert, wenden in allir der mazze als dovor begriffen ist, daz sie domite tun und lazzen noch vrey willekur und daz gebin, wenne sie wollen wer ouch
1765 1867 5822 1964 daz die obgenante unsir vrowe und mume, den obgenanten unsirn herren den kunig ubirlebte und einen andirn man neme an unsirn rat und willen, so sullen beide sie der man und alle kint, die sie mit in gewinnet in den obgenanten
1757 1928 5839 2025 unsirn furstentumme und herscheften nichtes haben, ouch ist geredit und geteidinget, daz die obgenante unsir vrowe, die kuneginne und unsir liebe mume, noch yemant von iren wegen uns und unsir erben mannes geslechte
1765 1987 5849 2087 umb dhemerlei erbeteil odir umb kein andir sache anreden odir ansprechin sullen, anders wenne dovor geschribin ist ouch meinen und wollen wir sei daz sache, das uns eehaftige not antreten wirdit umb
1766 2050 5781 2154 genanknuzze kriege, odir andir geschichte unsir odir unsir manne, ere und leibe zulosen, daz wir danne derselben unsir furstentumme, lant und leute gewaltig sein zetun und ze lazzen, doch in guten, trewen
1758 2113 5809 2223 on geverde dornach sintdemal, das uns, der obgenante unsir gnedigen herre mit sulchin seinen gnaden gunstlich und fruntlich begriffen hat, so gelobin und wollen wir im mit guten, truwen on geverde beige¬
1767 2179 5792 2284 stendig und beholfen sein wider allirmenglichen, niemand usczenemenn und in einen indirwegen lazzen mit leibe, noch mit gute und alle seine veinde, sullen unsir veinde sein, und meinen und wollen auch keine
1781 2246 5785 2351 seine widersachen odir veinde, cristen, juden odir beyden in unsir landen, hausen, hoven halden odir verteidingen, sundir von gunnen in und seine ampleuten, daz sie dieselbin angreiffen und rechentigen
1773 2308 5850 2422 sullen und mugen, wo sie der bekomen in allen unsirn herscheften und landen. Mit urkunde dicz brives, versigilt mit unsirn grezzerin insigel, der geben ist zu der Swidnicz an der nechsten mittewochen nach
1777 2373 4525 2485 santh Petirs und Pauls tage, der heiligen zwelfboten, nach Cristus geburtte dreizehnhundert jare und in dem dreyundfunfczigistem jare.
