3000 2307
337 180 2356 292 In nomine sancte et individue trinitatis amen. Nos Otacarus, Dei gracia Boemorum rex, dilecte sorori sue Agneti, sancti
331 327 2345 368 Georgii abbatisse, et monasterio ipsius imperpetuum. Non meretur rex esse nec regis vocari nomine, qui celesti regi suisque celicolis, qui adhuc militant in terra, se ipsum non inpendit
327 414 2365 448 largiendo sua et ab aliis collata conservando et libertatem omnimodam tribuendo. Eapropter nos serenissimi patris nostri Wladizlai, quondam regis Boemie, qui magnorum monasteriorum funda¬
2083 450 2245 487 non pro amore tuo
307 492 2371 529 tor extitit et pius defensor, quantum possumus cum Deo, vestigiis inherentes tibi, soror dilectissima, et per te monasterio tuo sancti Georgii, quod est Prage in castro, pro anime nostre remedio et parentum nostrorum nec
314 563 2367 612 hanc in perpetuum concedimus libertatem, ut castellanus Wisegradensis, qui modo est vel qui pro tempore fuerit, exactiones turpes, que vuIgari vocabulo poiezda vocantur, paganorum pocius quam christianorum in villis
317 645 2375 690 dicti monasterii, quas in presenti possidet vel in posterum iustis modis poterit adipisci, exigere de cetero non presumat, exceptis duodecim denariis publice monete semel in anno de quolibet manso illarum
313 719 2351 770 villarum, que tali vexacione primitus vexabantur. Si quis autem heredum vel successorum nostrorum contra hoc privigilegium ausu temerario venire presumpserit, maledictionem paternam pro benedictione recipiat
314 804 2370 853 et ulcioni divine ac iehenne ignibus deputetur. Verum si dictus castellanus hanc concesse Iibertatis paginam diabolo suggerente infregerit, nostre vel successorum nostrorum camere libram auri persol¬
311 896 2203 939 vat et amplius nichil iuris habeat in eisdem villis, episcopus vero Pragensis eundem castellanum cogendi ad predicta observanda per censuram ecclesiasticam Iiberam habeat facultatem.
319 970 2376 1027 Actum publice aput Ztragov anno dominice incarnacionis millesimo CCo XXo IIIIo, indictione XIIa, concurrente, Vo idus octobris, pontificatus domini Honorii pape III anno VIIIIo, reg¬
303 1056 2379 1109 nante illustrissimo Romanorum imperatore et rege Sicilie Friderico anno IIIIo. Huius rei testes sunt videlicet: filius noster Wladizlaus, marchio Moravie, Arnoldus deca¬
299 1137 2387 1195 nus et Orso canonicus Pragenses, dominus Jaros, dominus Budiwoy, dominus Borvta, dominus Vitco et Heinricus filii Witconis, Boguzlaus camerarius noster, Mztidrug castellanus Pragensis, Groznata subcamerarius noster,
306 1218 2386 1280 Wata et Boguzlaus frater eius de Wranov castellani, Boguzlaus de Wranov castellanus, Zawise filius Witconis, Wipertus, Ypolitus, Hermannus, Diuinus et alii quam plures ad hoc testes advocati. Ut autem hec
304 1286 1259 1346 nostra donacio rata sit et firma, hanc paginam nostri sigilli munimine duximus roborandam.
