9290 6540
228 135 8435 667 Nos Sigismundus, Dei gracia romanorum rex, semper augustus ac Hungarie, Bohemie, Dalmacie, Croacie et cetera rex, et Albertus, eadem gracia dux Austrie, Styrie, Karinthie et cetera et marchio Moravie, notum facimus tenore presencium universis, quod nos nuper vidimus et
839 624 8580 744 auscultari ac legi fecimus certas litteras illustris principis Conradi, ducis Slesie et Glogovie et domini in Olsna, sanas et integras non abrasas seu cautellatas omnique vicio et suspicione carentes sigillisque veris non fictis firmius communitas, quas ad presentes
838 709 8430 822 nostras litteras atque scripta inseri et transcribi fecimus ut eis aquocumque homine fides infallibilis atque firma adhibeatur, quarum quidem litterarum tenor peromnia sequitur et est talis: In nomine domini amen. Noverint universi tam presentes, quam posterii noticiam
850 796 8596 903 presentium aut copiam habituri, quod quia nos Conradus, Dei gracia dux Slesie et Glogovie et dominus in Olsna, ob specialis amoris affectum, quem erga mafnifici principis domini Johannis, Bohemie et Polonie regis ac comitis Lucemburgensis, domini nostri karissimi,
872 877 8562 986 gerimus, testitudinem habito nobiscum amicis quoque ac fidelibus nostris consilio diligenti et deliberacione matura accedentibus etiam favore et consensu eorundem expressis ad subscripta bonum in hoc nostrum principaliter consequenter autem fidelium terrarum,
852 962 8518 1065 civitatum, hominum et bonorum nostrorum omnium infrascriptorum comodum statumque in antea pacificum perpendentes princeps et vassallus suus heredum, successorum suorum Bohemie regnum et ipsius regni Bohemie imperpetuum fieri et fore decrevimus, omnia et singula
865 1052 8501 1149 bona nostra subeisdem libertatibus et iuribus, quibus apredecessoribus nostris ad nos pervenisse noscuntur, omnesque terras nostras, quas ad presens possidemus vel possidebimus quacumque tytulo in futuro tam circa, quam ultra flumina, qui Odora dicitur, cum
873 1126 8587 1233 civitatibus Wartenberch, Oslna, Mylisch, Trebenicz, Trachenburch, Walow, Lubest, Wunck, Herrenstat et castris eis adiacentibus cum aliis Ploczk, videliczet Prusnitz, Sandewal cum omnibus suis appendiis dominiis, opidis, villis allodiis,
885 1217 8538 1307 feudis, feudalibus nobilibus et plebeiis, iuribus, redditibus, proventibus et utilitatibus earundem, quocumque vocentur nomine vel inquibuscumque consistant, nostro heredum et successorum nostrorum, Slesie et Glagovie ducum et dominorum Olsnensium, nomine in regis
893 1297 8513 1379 ipsius manibus sponte et libere resignates ab eo in feudum recepimus perpetuum factoque sibi per nos fidelitatis debito humagio prestito corporali nichilominus iuramento ipsi regi heredibus et succesoribus suis predictis, tamquam veris dominis nostris
913 1380 8501 1455 velut princeps et vasallus eorum ac regni Bohemie antedicti parere deinceps promisimus et intendere in eisdem et contra quemlibet principem et hominem ipsos pro viribus fideliter ad iuvare reservata nobis edificandi ac instaurandi municiones
888 1463 8514 1543 novas in terris et bonis nostris premissis et destruendi veteres, ubicumque et quantumque nobis videbitur, pro nostro terrarum predictarum et hominum nostrorum comodo expedire libera facultate volentes et firmiter statuentes, ut si forte nos heredes aut suc¬
864 1544 8420 1637 cessores nostri sublati demedio fuerimus heredibus legitimis et presertim masculis non relictis, extunc iam dicta bona nostra terre civitates et opida cum omnibus suis pertinenciiis, ut predicitur, ad fratres nostros, principes illustres dominum Henricum,
918 1624 8490 1728 videlicet ducem Slesie et Glogovie Saganensemque dominum, ac dominum Johannem, ducem Slesie et Glogovie ac dominum Stynavie, heredesque suos masculos, dum taxat si quos reliquerit, si autem nullos post se masculos legitimas reliquerint,
965 1704 8448 1811 ad regnum Bohemie supradictum libere et hereditarie debeant pertinere, hoc tamen adiciendum duximus nominatim, quod si nos ipsi heredes vel successores nostri prefati cum clericis, civibus, rusticis vel iudeis nostris aliquid cause questionis aut
941 1785 8526 1900 iudicii instrauraverimus, dehiis et huiusmodi rex, heredes et successores sui predicta nobis heredibus vel successoribus nostris superstitibus intromittere se non debeant modo quovis, si vero nobiles vel fideles terrarum nostrarum suprascriptarum debitam
914 1862 8441 1981 per nos heredes vel successores nostros de suis questionibus aut causis nobis motis, dequibus iuxta litterarum regalium datarum nobis continentiam secundum fidelium nostrorum sentenciam et dictamen subire tenemur, et facere iudicium assequi non possint
914 1946 8483 2065 iusticiam, regem, heredes et successores suos prenatatos adire poterunt libere querelas ipsorum proponere et defectus, nosque, heredes et successores nostri predicti citati ibidem coram rege videlicet et successoribus et heredibus suis, Bohemie regibus, ubicumque
946 2022 8438 2154 Bohemie fuerint aut Polonie, coram altero vero principe per eos adhoc iudice deputato sisti tenebimur in terra Wratislaviensi, dum taxat iuditio facere et subire denobis, heredibus vel successoribus nostris conquerentibus, quibuslibet iusticie
870 2098 8598 2254 complementum illud etiam specifice duximus exprimendum, quod si fortasse nos heredes vel successores nostros grauatos inopia debitis aut alia causa rationabili aliquam territorii et dominii aliquanti de nostris vendere vel obligare continget, municionem
902 2179 8443 2342 principi nobis equali aut alteri regno Bohemie competenti vel etiam territorium non habentem fideli vel vasallo nostro, extunc municionem eandem sine territorium habeat et dominium sine non vendendam aut obligandam ipsis regi
976 2264 8438 2415 et heredibus et successoribus suis Bohemie regibus exhibere preceteris debeamus, qui si ipsam emere vel recipere inpignore noluerint, princeps ipse municionem predictam territorium habentem, videlicet emens aut pignore tenens, in feudum ipsam
858 2345 8506 2497 recipere tenebitur ab eisdem, ipsisque tamquam veris suis dominis servire, parere et intendere de eadem, alter vero non princeps emens vel pugnore tenens municionem nostram territorium aut dominium, ut predicitur, non habentem a nobis, heredibus
928 2424 8524 2586 et successoribus nostris eam in feudum recipiet hoc adiecto, quod rex, heredes aut successores sui antedicti municiones supradictas pro summa eadem, in qua obligate fuerint vel vendite, redimere valeant, quando velint, illud etiam preterire
942 2503 8487 2670 volumus, quod si rex, heredes aut successores sui antedicti nos, heredes vel successores nostros in adiutorium sibi per nos prestandum ad partes alienas extra Bohemia aut Polonia euocaverint convenienciam nobis debitam, ne queviciis
885 2583 8422 2742 nimiis aut intollerabilibus pregravemur, facere teneantur. In quorum omnium testimonium presentes litteras fieri et sigilli nostri munimine iussimus communiri. Datum et actum Wratizlavie anno Domini millesimo trecentesimo vicesimo nono VI idus Maii.
868 2660 8454 2833 Similem eciam litteram vidimus illustris Henrici, ducis Slesie et Glogovie et domini Saganensis, deverbo ad verbum sunt presentem sonantem eosdemque colligationes et prescriptionem in se continentem, quam hic propter similitudinem prioris littere
958 2738 8454 2917 non decuimus inserendam, cuius data est Wratislavie anno Domini millesimo trecentesimo XXVIIII feria tercia post dominicam misericordia domini realiter consignata. In cuius rei testimonium atque robur presentes nostras litteras ac inscriptiones
958 2820 8628 3012 sigillorum nostrorum appensione fecimus firmius roboravi. Datum Wyenne anno Domini millesimo quadringentesimo vicesimosexto vicesima die marcii, regnorum nostrorum anno Hungarie et cetera XXXVIIII, romanorum XVI, Bohemie vero sexto.
7442 2950 8311 3150 Ad mandatum domini regis
7558 3151 8260 3240 Michael, prepositus Boleslaviensis.
