<?xml version="1.0" encoding="UTF-8" standalone="yes"?>
<PcGts xmlns="http://schema.primaresearch.org/PAGE/gts/pagecontent/2013-07-15" xmlns:xsi="http://www.w3.org/2001/XMLSchema-instance" xsi:schemaLocation="http://schema.primaresearch.org/PAGE/gts/pagecontent/2013-07-15 http://schema.primaresearch.org/PAGE/gts/pagecontent/2013-07-15/pagecontent.xsd">
    <Metadata>
        <Creator>prov=University of Rostock/Institute of Mathematics/CITlab/Tobias Gruening/tobias.gruening@uni-rostock.de:name=/net_tf/LA73_249_0mod360.pb:de.uros.citlab.segmentation.CITlab_LA_ML:v=2.4.2
TRP</Creator>
        <Created>2019-09-18T14:54:35.841+02:00</Created>
        <LastChange>2019-11-18T14:00:29.038+01:00</LastChange>
        <TranskribusMetadata docId="212835" pageId="9134988" pageNr="1" tsid="19513783" status="IN_PROGRESS" userId="48350" imgUrl="https://files.transkribus.eu/Get?id=MHRAMBNKLXUEKXLYEJFIEHBD&amp;fileType=view" xmlUrl="https://files.transkribus.eu/Get?id=MHZSOLAELABYASNTOXKEEHJL" imageId="5899294"/>
    </Metadata>
    <Page imageFilename="NA-ACK_13370104_00179_r.jpg" imageWidth="6577" imageHeight="4622">
        <ReadingOrder>
            <OrderedGroup id="ro_1579617724756" caption="Regions reading order">
                <RegionRefIndexed index="0" regionRef="r1"/>
            </OrderedGroup>
        </ReadingOrder>
        <TextRegion orientation="0.0" id="r1" custom="readingOrder {index:0;}">
            <Coords points="632,825 621,2423 4534,2423 4550,830"/>
            <TextLine id="r1l1" custom="readingOrder {index:0;} person {offset:4; length:69;} place {offset:30; length:6;} place {offset:49; length:11;} place {offset:68; length:5;}">
                <Coords points="788,1149 1109,1139 1281,1144 1453,1148 1624,1151 1796,1153 1968,1155 2139,1156 2311,1157 2483,1158 2655,1159 2826,1160 2998,1162 3170,1163 3341,1165 3513,1168 3685,1170 3856,1174 4028,1179 4200,1184 4372,1191 4362,1039 4189,1034 4032,1034 3839,1013 3682,1013 3505,1008 3359,1018 3165,1013 2998,1018 2815,1018 2669,1023 2491,1008 2319,1018 2120,1018 1985,1023 1797,1013 1645,1023 1384,1013 1144,1003 1117,856 788,851"/>
                <Baseline points="938,1118 1109,1123 1281,1128 1453,1132 1624,1135 1796,1137 1968,1139 2139,1140 2311,1141 2483,1142 2655,1143 2826,1144 2998,1146 3170,1147 3341,1149 3513,1152 3685,1154 3856,1158 4028,1163 4200,1168 4372,1175"/>
                <TextEquiv>
                    <Unicode>Nos Heinricus, Dei gracia dux Slezie, dominus de Furstinbergc et in Jawor ad universorum noticiam </Unicode>
                </TextEquiv>
            </TextLine>
            <TextLine id="r1l2" custom="readingOrder {index:1;} person {offset:75; length:26; continued:true;} place {offset:84; length:6;} place {offset:98; length:3; continued:true;}">
                <Coords points="987,1240 1156,1237 1325,1235 1494,1233 1664,1232 1833,1231 2002,1231 2172,1231 2341,1231 2510,1232 2680,1234 2849,1235 3018,1238 3187,1240 3357,1242 3526,1244 3695,1247 3865,1250 4034,1253 4203,1256 4373,1258 4373,1209 4203,1207 4034,1204 3865,1201 3695,1198 3526,1195 3357,1193 3187,1191 3018,1189 2849,1186 2680,1185 2510,1183 2341,1182 2172,1182 2002,1182 1833,1182 1664,1183 1494,1184 1325,1186 1156,1188 987,1191"/>
                <Baseline points="987,1224 1156,1221 1325,1219 1494,1217 1664,1216 1833,1215 2002,1215 2172,1215 2341,1215 2510,1216 2680,1218 2849,1219 3018,1222 3187,1224 3357,1226 3526,1228 3695,1231 3865,1234 4034,1237 4203,1240 4373,1242"/>
                <TextEquiv>
                    <Unicode>tenore presentium volumus pervenire, quod cum magnificus princeps, dominus Johannes Boemie rex ac Lu¬</Unicode>
                </TextEquiv>
            </TextLine>
            <TextLine id="r1l3" custom="readingOrder {index:2;} person {offset:0; length:18; continued:true;} place {offset:0; length:12; continued:true;} place {offset:63; length:9;}">
                <Coords points="979,1326 1148,1324 1318,1322 1487,1320 1657,1318 1827,1316 1996,1315 2166,1314 2335,1313 2505,1313 2675,1313 2844,1313 3014,1314 3183,1316 3353,1318 3523,1321 3692,1324 3862,1328 4031,1333 4201,1338 4371,1345 4371,1290 4201,1283 4031,1278 3862,1273 3692,1269 3523,1266 3353,1263 3183,1261 3014,1259 2844,1258 2675,1258 2505,1258 2335,1258 2166,1259 1996,1260 1827,1261 1657,1263 1487,1265 1318,1267 1148,1269 979,1271"/>
                <Baseline points="979,1308 1148,1306 1318,1304 1487,1302 1657,1300 1827,1298 1996,1297 2166,1296 2335,1295 2505,1295 2675,1295 2844,1295 3014,1296 3183,1298 3353,1300 3523,1303 3692,1306 3862,1310 4031,1315 4201,1320 4371,1327"/>
                <TextEquiv>
                    <Unicode>cemburgensis comes, sororius noster karissimus, civitatem suam Glogoviam cum toto territorio et dominio </Unicode>
                </TextEquiv>
            </TextLine>
            <TextLine id="r1l4" custom="readingOrder {index:3;}">
                <Coords points="991,1415 1160,1412 1329,1409 1498,1407 1667,1404 1836,1402 2005,1399 2174,1398 2343,1396 2512,1395 2682,1395 2851,1395 3020,1396 3189,1397 3358,1399 3527,1402 3696,1405 3865,1410 4034,1415 4203,1422 4373,1429 4373,1371 4203,1364 4034,1357 3865,1352 3696,1347 3527,1344 3358,1341 3189,1339 3020,1338 2851,1337 2682,1337 2512,1337 2343,1338 2174,1340 2005,1341 1836,1344 1667,1346 1498,1349 1329,1351 1160,1354 991,1357"/>
                <Baseline points="991,1396 1160,1393 1329,1390 1498,1388 1667,1385 1836,1383 2005,1380 2174,1379 2343,1377 2512,1376 2682,1376 2851,1376 3020,1377 3189,1378 3358,1380 3527,1383 3696,1386 3865,1391 4034,1396 4203,1403 4373,1410"/>
                <TextEquiv>
                    <Unicode>ac aliis universis pertinentiis motus zelo sincere amicicie pro vite nostre temporibus donaverit, datis nobis </Unicode>
                </TextEquiv>
            </TextLine>
            <TextLine id="r1l5" custom="readingOrder {index:4;}">
                <Coords points="983,1498 1153,1499 1324,1499 1495,1498 1666,1497 1837,1495 2007,1493 2178,1491 2349,1489 2520,1487 2691,1485 2861,1484 3032,1483 3203,1483 3374,1484 3545,1485 3715,1488 3886,1491 4057,1497 4228,1502 4399,1510 4399,1450 4228,1442 4057,1437 3886,1431 3715,1428 3545,1425 3374,1424 3203,1423 3032,1423 2861,1424 2691,1425 2520,1427 2349,1429 2178,1431 2007,1433 1837,1435 1666,1437 1495,1438 1324,1439 1153,1439 983,1438"/>
                <Baseline points="983,1478 1153,1479 1324,1479 1495,1478 1666,1477 1837,1475 2007,1473 2178,1471 2349,1469 2520,1467 2691,1465 2861,1464 3032,1463 3203,1463 3374,1464 3545,1465 3715,1468 3886,1471 4057,1477 4228,1482 4399,1490"/>
                <TextEquiv>
                    <Unicode>suis litteris super eo. Nosque ad reconpensam viceversa congruam et decibilem, ubi poterimus, non immeri-</Unicode>
                </TextEquiv>
            </TextLine>
            <TextLine id="r1l6" custom="readingOrder {index:5;} place {offset:108; length:3; continued:true;}">
                <Coords points="979,1591 1149,1592 1320,1591 1490,1590 1661,1588 1832,1586 2002,1583 2173,1579 2343,1576 2514,1573 2685,1570 2855,1568 3026,1566 3196,1566 3367,1566 3538,1567 3708,1570 3879,1574 4049,1580 4220,1588 4391,1598 4391,1538 4220,1528 4049,1520 3879,1514 3708,1510 3538,1507 3367,1506 3196,1506 3026,1506 2855,1508 2685,1510 2514,1513 2343,1516 2173,1519 2002,1523 1832,1526 1661,1528 1490,1530 1320,1531 1149,1532 979,1531"/>
                <Baseline points="979,1571 1149,1572 1320,1571 1490,1570 1661,1568 1832,1566 2002,1563 2173,1559 2343,1556 2514,1553 2685,1550 2855,1548 3026,1546 3196,1546 3367,1546 3538,1547 3708,1550 3879,1554 4049,1560 4220,1568 4391,1578"/>
                <TextEquiv>
                    <Unicode>to pro viribus intendere volentes, ne etiam per donationem terre iam predicte nobis factam ipse dominus rex Bo-</Unicode>
                </TextEquiv>
            </TextLine>
            <TextLine id="r1l7" custom="readingOrder {index:6;} place {offset:0; length:4; continued:true;}">
                <Coords points="969,1676 1140,1678 1311,1679 1482,1679 1653,1677 1824,1676 1995,1673 2166,1670 2337,1667 2508,1664 2680,1661 2851,1659 3022,1657 3193,1656 3364,1656 3535,1657 3706,1659 3877,1663 4048,1669 4219,1677 4391,1686 4391,1625 4219,1616 4048,1608 3877,1602 3706,1598 3535,1596 3364,1595 3193,1595 3022,1596 2851,1598 2680,1600 2508,1603 2337,1606 2166,1609 1995,1612 1824,1615 1653,1616 1482,1618 1311,1618 1140,1617 969,1615"/>
                <Baseline points="969,1656 1140,1658 1311,1659 1482,1659 1653,1657 1824,1656 1995,1653 2166,1650 2337,1647 2508,1644 2680,1641 2851,1639 3022,1637 3193,1636 3364,1636 3535,1637 3706,1639 3877,1643 4048,1649 4219,1657 4391,1666"/>
                <TextEquiv>
                    <Unicode>emie in quibuscumque casibus aliqualiter seducatur, harum serie promittimus firmiter et sincere ac etiam </Unicode>
                </TextEquiv>
            </TextLine>
            <TextLine id="r1l8" custom="readingOrder {index:7;} place {offset:71; length:9;}">
                <Coords points="969,1772 1142,1772 1315,1771 1488,1770 1661,1767 1834,1765 2007,1761 2180,1758 2353,1755 2526,1752 2700,1749 2873,1747 3046,1745 3219,1744 3392,1744 3565,1745 3738,1747 3911,1750 4084,1755 4257,1762 4431,1770 4431,1709 4257,1701 4084,1694 3911,1689 3738,1686 3565,1684 3392,1683 3219,1683 3046,1684 2873,1686 2700,1688 2526,1691 2353,1694 2180,1697 2007,1700 1834,1704 1661,1706 1488,1709 1315,1710 1142,1711 969,1711"/>
                <Baseline points="969,1752 1142,1752 1315,1751 1488,1750 1661,1747 1834,1745 2007,1741 2180,1738 2353,1735 2526,1732 2700,1729 2873,1727 3046,1725 3219,1724 3392,1724 3565,1725 3738,1727 3911,1730 4084,1735 4257,1742 4431,1750"/>
                <TextEquiv>
                    <Unicode>astringi volumus, quod ipsum dominum regem et suos in dictam civitatem Glogoviam et castra, opida </Unicode>
                </TextEquiv>
            </TextLine>
            <TextLine id="r1l9" custom="readingOrder {index:8;}">
                <Coords points="951,1869 1121,1868 1291,1866 1462,1863 1632,1860 1803,1856 1973,1852 2144,1849 2314,1845 2485,1841 2655,1838 2825,1835 2996,1833 3166,1831 3337,1831 3507,1831 3678,1832 3848,1835 4019,1839 4189,1844 4360,1851 4360,1790 4189,1783 4019,1778 3848,1774 3678,1771 3507,1770 3337,1770 3166,1770 2996,1772 2825,1774 2655,1777 2485,1780 2314,1784 2144,1788 1973,1791 1803,1795 1632,1799 1462,1802 1291,1805 1121,1807 951,1808"/>
                <Baseline points="951,1849 1121,1848 1291,1846 1462,1843 1632,1840 1803,1836 1973,1832 2144,1829 2314,1825 2485,1821 2655,1818 2825,1815 2996,1813 3166,1811 3337,1811 3507,1811 3678,1812 3848,1815 4019,1819 4189,1824 4360,1831"/>
                <TextEquiv>
                    <Unicode>et fortalicia, quotienscumque vel quandocumque opportunum fuerit, sine tamen nostro ac nostrorum preiudicio et gra¬</Unicode>
                </TextEquiv>
            </TextLine>
            <TextLine id="r1l10" custom="readingOrder {index:9;}">
                <Coords points="966,1966 1136,1965 1306,1963 1476,1959 1646,1955 1816,1952 1986,1947 2156,1943 2326,1939 2496,1934 2667,1931 2837,1927 3007,1924 3177,1922 3347,1920 3517,1920 3687,1921 3857,1923 4027,1927 4197,1932 4368,1939 4368,1878 4197,1871 4027,1866 3857,1862 3687,1860 3517,1859 3347,1859 3177,1861 3007,1863 2837,1866 2667,1870 2496,1873 2326,1878 2156,1882 1986,1886 1816,1891 1646,1894 1476,1898 1306,1902 1136,1904 966,1905"/>
                <Baseline points="966,1946 1136,1945 1306,1943 1476,1939 1646,1935 1816,1932 1986,1927 2156,1923 2326,1919 2496,1914 2667,1911 2837,1907 3007,1904 3177,1902 3347,1900 3517,1900 3687,1901 3857,1903 4027,1907 4197,1912 4368,1919"/>
                <TextEquiv>
                    <Unicode>vamine, et extra dimittere promittimus et spondemus, nichilominus ipsum dominun regem contra suos </Unicode>
                </TextEquiv>
            </TextLine>
            <TextLine id="r1l11" custom="readingOrder {index:10;} place {offset:32; length:6;} place {offset:42; length:7;}">
                <Coords points="964,2061 1132,2059 1301,2057 1470,2054 1639,2050 1808,2046 1976,2042 2145,2037 2314,2033 2483,2029 2652,2024 2820,2020 2989,2017 3158,2014 3327,2012 3496,2011 3664,2011 3833,2011 4002,2014 4171,2017 4340,2021 4340,1960 4171,1956 4002,1953 3833,1950 3664,1950 3496,1950 3327,1951 3158,1953 2989,1956 2820,1959 2652,1963 2483,1968 2314,1972 2145,1976 1976,1981 1808,1985 1639,1989 1470,1993 1301,1996 1132,1998 964,2000"/>
                <Baseline points="964,2041 1132,2039 1301,2037 1470,2034 1639,2030 1808,2026 1976,2022 2145,2017 2314,2013 2483,2009 2652,2004 2820,2000 2989,1997 3158,1994 3327,1992 3496,1991 3664,1991 3833,1991 4002,1994 4171,1997 4340,2001"/>
                <TextEquiv>
                    <Unicode>adversarios sibi iniuriantes in Boemia et Polonia cum predictis firmitatibus et totis nostris </Unicode>
                </TextEquiv>
            </TextLine>
            <TextLine id="r1l12" custom="readingOrder {index:11;}">
                <Coords points="940,2162 1149,2153 1317,2149 1485,2146 1654,2142 1822,2138 1990,2133 2158,2129 2327,2124 2495,2120 2663,2117 2831,2113 3000,2110 3168,2108 3336,2106 3504,2105 3673,2105 3841,2105 4009,2107 4177,2110 4346,2114 4346,2053 4177,2049 4009,2046 3841,2044 3673,2044 3504,2044 3336,2045 3168,2047 3000,2049 2831,2052 2663,2056 2495,2059 2327,2063 2158,2068 1990,2072 1822,2077 1654,2081 1485,2085 1317,2088 1149,2092 929,2073"/>
                <Baseline points="981,2135 1149,2133 1317,2129 1485,2126 1654,2122 1822,2118 1990,2113 2158,2109 2327,2104 2495,2100 2663,2097 2831,2093 3000,2090 3168,2088 3336,2086 3504,2085 3673,2085 3841,2085 4009,2087 4177,2090 4346,2094"/>
                <TextEquiv>
                    <Unicode>viribus promittimus adiuvare. In cuius rei testimonium presentes scribi et nostri sigilli munimine </Unicode>
                </TextEquiv>
            </TextLine>
            <TextLine id="r1l13" custom="readingOrder {index:12;} place {offset:26; length:11;} date {offset:38; length:52; continued:true;year:0; day:0; month:0;}">
                <Coords points="976,2253 1146,2248 1316,2244 1486,2239 1656,2234 1826,2229 1996,2223 2166,2218 2336,2213 2506,2209 2677,2204 2847,2200 3017,2197 3187,2195 3357,2193 3527,2193 3697,2193 3867,2194 4037,2197 4207,2201 4378,2206 4378,2146 4207,2141 4037,2137 3867,2134 3697,2133 3527,2133 3357,2133 3187,2135 3017,2137 2847,2140 2677,2144 2506,2149 2336,2153 2166,2158 1996,2163 1826,2169 1656,2174 1486,2179 1316,2184 1146,2188 976,2193"/>
                <Baseline points="976,2233 1146,2228 1316,2224 1486,2219 1656,2214 1826,2209 1996,2203 2166,2198 2336,2193 2506,2189 2677,2184 2847,2180 3017,2177 3187,2175 3357,2173 3527,2173 3697,2173 3867,2174 4037,2177 4207,2181 4378,2186"/>
                <TextEquiv>
                    <Unicode>iussimus communiri. Datum Wratislavie anno Domini millesimo trecentesimo tricesimo VII in </Unicode>
                </TextEquiv>
            </TextLine>
            <TextLine id="r1l14" custom="readingOrder {index:13;} date {offset:0; length:19; continued:true;year:0; day:0; month:0;}">
                <Coords points="975,2335 1025,2337 1076,2337 1127,2337 1178,2337 1229,2337 1279,2336 1330,2336 1381,2334 1432,2333 1483,2332 1533,2331 1584,2329 1635,2328 1686,2326 1737,2325 1787,2324 1838,2323 1889,2322 1940,2322 1991,2322 1991,2262 1940,2262 1889,2262 1838,2263 1787,2264 1737,2265 1686,2266 1635,2268 1584,2269 1533,2271 1483,2272 1432,2273 1381,2274 1330,2276 1279,2276 1229,2277 1178,2277 1127,2277 1076,2277 1025,2277 975,2275"/>
                <Baseline points="975,2315 1025,2317 1076,2317 1127,2317 1178,2317 1229,2317 1279,2316 1330,2316 1381,2314 1432,2313 1483,2312 1533,2311 1584,2309 1635,2308 1686,2306 1737,2305 1787,2304 1838,2303 1889,2302 1940,2302 1991,2302"/>
                <TextEquiv>
                    <Unicode>octava Innocentum.  </Unicode>
                </TextEquiv>
            </TextLine>
            <TextEquiv>
                <Unicode>Nos Heinricus, Dei gracia dux Slezie, dominus de Furstinbergc et in Jawor ad universorum noticiam &#xD;
tenore presentium volumus pervenire, quod cum magnificus princeps, dominus Johannes Boemie rex ac Lu¬&#xD;
cemburgensis comes, sororius noster karissimus, civitatem suam Glogoviam cum toto territorio et dominio &#xD;
ac aliis universis pertinentiis motus zelo sincere amicicie pro vite nostre temporibus donaverit, datis nobis &#xD;
suis litteris super eo. Nosque ad reconpensam viceversa congruam et decibilem, ubi poterimus, non immeri-&#xD;
to pro viribus intendere volentes, ne etiam per donationem terre iam predicte nobis factam ipse dominus rex Bo-&#xD;
emie in quibuscumque casibus aliqualiter seducatur, harum serie promittimus firmiter et sincere ac etiam &#xD;
astringi volumus, quod ipsum dominum regem et suos in dictam civitatem Glogoviam et castra, opida &#xD;
et fortalicia, quotienscumque vel quandocumque opportunum fuerit, sine tamen nostro ac nostrorum preiudicio et gra¬&#xD;
vamine, et extra dimittere promittimus et spondemus, nichilominus ipsum dominun regem contra suos &#xD;
adversarios sibi iniuriantes in Boemia et Polonia cum predictis firmitatibus et totis nostris &#xD;
viribus promittimus adiuvare. In cuius rei testimonium presentes scribi et nostri sigilli munimine &#xD;
iussimus communiri. Datum Wratislavie anno Domini millesimo trecentesimo tricesimo VII in &#xD;
octava Innocentum.  </Unicode>
            </TextEquiv>
        </TextRegion>
    </Page>
</PcGts>
