9135 5298
928 424 6602 699 Wir Eberhart und Ulrich gebrüder, graven von Wirtenberg, verjehen offenlich an disem brief, das die ersamen herren, her Johan von Liehtenberg tümprobest zu Strazburg, her
936 692 6610 815 Jesco probest zu Allen heyligen uf der pürg ze Prage, her Jöhel Jacob burger ze Prage und Paul camerschreiber, von wegen des aller durchlühtigen unsers gnedigen
937 810 6626 904 herren, herren Karls romischen künigs und künigs ze Beheim, uf ein seit, Eglolf von Friberg, unser diener, und Ulrich, unser schreiber, von unsern wegen uf die andern
937 904 6612 1008 seit bis uf disen hiutigen tage, als dirre brief geben ist, gerechent haben, und mit rechter rechenung erfunden und uzgetragen haben, das die zwelf tusent mark
937 1013 6646 1102 silbers, da wir des vorgenanten unsers herren, des romischen künigs brief über haben, von den ersten tedingen, die er mit uns hette, und die sechs tusent guldin
1121 1102 6641 1211 von der stiuwer der stette in Swaben, die er uns bescheiden het und dar nach die stet ledig liez und über sich nam, von dem selben unserm herren dem römischen
1126 1206 6617 1320 künig uns gar und genczlich bezalt und verrihtet sint bis uf fünfzehen tusent driu hundert fünf und niuntzig güter guldin, die ze Nürenberg genge und
1140 1325 6626 1419 gebe sint, die der vorgenant unser herre der römisch künig uns noch sehuldig beleibt. Und dar umbe haben wir den selben unsern heren den künig aller der vorge
1135 1424 6621 1533 schribenn summen geltes bis uf fünfzehen tusent driu hundert und fünf und niuntzig guldein quit, ledig und lose gesagt und sagenn ouch ledig und los
1140 1528 6626 1632 mit disem brief. Wan ouch der vorgenant unser herre der künig der selben fünfzehen tusent driu hundert und fünf und niuntzig guldin uns versichern und
1145 1637 6612 1741 gewiz machen wil, als das sinen küniclichen gnaden wol an zimpt, so hat er uns die selben summen geltes bewiset und bescheiden uf siner urbor und münsze
1140 1751 6617 1855 zu den Chutten also bescheidenlich, das wir oder unser botten von unsern wegen, an dem nehsten montag nach dem obrosten tage, der nu schierst kumpt, an ze heben,
1140 1870 6617 1969 alle wochen drizzig pergmark, für ie die mark sechs und fünftzig grosse ze rechenn, ufheben und innemen süllen ane alle hindernüzze, gebrechen und fürzog ab
1135 1979 6621 2068 ze slahen als lange, das uns die vorgenanten fünfzehen tusent driu hundert and fünf und niuntzig guldein und dar zu ze ie der wochen ein pergmark zu
1140 2078 6612 2197 kostgelt gar und genczlich verriht und bezalt werdent. Were ouch, das uns an der selben bewisunge und bescheidung der egenanten drizzig mark wochenlichen dehein
1135 2202 6612 2311 hindernüzze oder bruch geschehe, von welhen sachen das were, so mügen wir den obgenanten unsern herren mit unsern alten briefen manen umb den selben bruch,
1145 2321 6617 2440 der uns denn geschehe, und sol er uns nach der manung dar umbe leisten nach der selben unserre alten brief sage als lange, bis er uns den selben bruch umb alle
1145 2455 6636 2564 wochen, die uns ze hindernüzze versumet weren, mit sampt dem wider angendem gelt genczlich erfüllet und ufgerihtet. Und des ze urkünde ist dirre brief besigelt
1155 2574 6592 2678 mit unserm grave Ulrichs insigel, under dem wir grave Eberhart der vorgenant uns bekennen der vorgeschribenn dinge, und mit Eglolf von Friberg und Ulrichs unsers
1160 2688 6572 2807 schreibers, der vorgenanten, insigeln, die si ze einer geziugnüzze der vorgeschribenn dinge gehenket hant an disen brief, der geben ist ze Prage an dem Uffart abent,
1155 2807 4813 3000 do man zalt von gotes geburt driuzehen hundert jare und in dem ein und fünftzigesten jare.
