6577 4622
1305 1078 4049 1176 Nos Fridericus, Dei gracia dux Austrie et Styrie, presentibus publice profitemur, quod de summa
1499 1175 4136 1294 pecunie serenissimo domino nostro, domino Henrico, Romanorum imperatori, per nos mutuata, magnificus
1454 1273 4039 1388 princeps, dominus Johannes, rex Bohemie, affinis noster karissimus, filius eius, propter absolucionem dominii nostri
1493 1371 4079 1502 in Burgowe in mille ducentis sexagenis grossorum pragensium et in sexcentis marcis argenti
1458 1474 4117 1605 Constanciensis ponderis creditoribus nostris de Spyra datis, item in mille marcis argenti, quin¬
1489 1584 4087 1710 quaginta sex grossis per marca qualibet computatis, et centum viginti sexagenis grossorum
1476 1682 4031 1810 pragensium honorabili viro abbati Czedlicensi nostro nomine traditis, nos legittime expedivit.
1511 1789 4136 1900 Quam quidem pecuniam in prefato mutuo domino Henrico, Romanorum imperatori predicto, harum testimonio
1405 1895 3886 1999 defalcamus. Datum Wienne anno Domini millesimo trecentesimo duodecimo, VI Kalendas Augusti.
