3000 2188
326 283 2411 409 + In nomine sancte et individue trinitatis. Notum sit universis tam presentibus quam etiam posteris nostris, quod ego Dei
335 456 2410 499 gratia sancte Pragensis ecclesie episcopus D. cum consilio canonicorum meorum fratribus nostris Deo famulantibus in Plaz hec predia ecclesie nostre pro
333 527 2391 594 suis in concambium contradidimus: hominem unum cum terra in villa, que dicitur Ninowiz, alterius hominis terram in Chossur pro
319 621 2407 686 predio eorum, quod habebant in villa, que dicitur Mothol. Itemque aliud predium nostrum, quod habemus in villa, que dicitur Scecowiz, dedimus
325 710 2423 777 eis pro hereditate, quam habebant in Rascediz. Et ut hoc concambium inviolabile in perpetuum perseveret, in testimonium confir¬
323 798 2430 869 mationis decem marcas addiderunt. Quicumque igitur clericorum seu laicorum hoc privilegium concambii infringere attemptaverit, auctori¬
315 892 2400 968 tate Dei et omnium sanctorum anathema sit. Hec sunt nomina testium: episcopus Daniel, Pribizlaus decanus, Andreas prepositus,
305 987 2426 1060 Christophorus archidiaconus, Walcvnus, Viecemil, Mirozlaus, Vitko, Boguzlaus, Eppo, Burcardus, Benedictus, Johannes magi¬
306 1073 2445 1149 ster, Petrus, Clemens, Sdizlaus et omnes alii canonici. Isti sunt laici: Martinus pincerna cum tribus filiis suis, Erchembertus dapifer,
307 1152 2379 1235 Vtha, Juric, Reinardus cum filiis suis, Vlricus frater Johannis et alii multi. Acta sunt hec anno Dominice incarnationis MoCoCoVIIII,
311 1232 849 1299 epacta Ia, indictione XIa, concurrente llo.
