6585 4628
1185 1380 4222 1480 Wir Johans von Gots gnaden burggrave zu Nuremberg bekennen und tun kunt offenlich mit
1220 1477 4214 1569 disem brive allen den, die in sehin odir horen lesen, daz der allirdurchluchtigste furste und herre,
1208 1572 4228 1665 her Karl romischer kung, zu allen tzeiten merer des reichs und kung zu Behem, unsir lieber gnediger
1210 1671 4204 1765 herre, die vesten Flozz und Parkstein und waz dorezu gehoret, als ein kung zu Behem, von uns und
1214 1772 4145 1863 graven Albrechten, unserm bruder, umb siben tusent mark lotiges silbers vier und sechezig guter
1213 1878 4200 1969 behemischer grozze Prager müntze fur ie die mark tzereiten, geledigit und gelosit hat, und wir
1208 1990 4138 2078 dezselbin gelts von der bern gelt in dem kungrich zu Behem recht und redlich beczalet seind.
1211 2098 4160 2182 Mit urkund dicz brives, versigilt mit unserm insigel, der gebin ist zu Speyer nach Cristus geburte
1221 2206 4232 2286 dreytzen hundert jar, dornach in dem drey und fumfczigisten jare, dez nechstin suntags nach santh
1208 2307 1836 2403 Elizabethen tage.
