9254 5406
983 536 6667 1594 Nos Sigismundus, Dei gracia Romanorum rex, semper augustus ac Hungarie, Boemie, Dalmacie, Croacie et cetera rex, et Albertus, dei gracia dux Austrie,
1355 970 6627 1043 Stirie, Karinthie et cetera et marchio Moravie, notumfacimus tenore presencium universis, quod nos vidimus nuper et auscultari fecimus quondam litteram consulum, iuratorum et communitatis
1361 1026 6651 1114 civitatis Wratislaviensis sanam et integram non abrasam seu cautellatam omnique vicio ac suspicione carentem sigilloque vero et non ficto firmius communitam, quam ad presentes nostras litteras atque scripta
1365 1089 6639 1179 inseri et transcribi fecimus ut ei a quocumque homine adhibeatur fides infallibilis atque firma, cuius quidem littere tenor per omnia sequitur et est talis: Nos consules, iurati et universi¬
1353 1184 6605 1254 tas civium civitatis Wratislaviensis tenore presencium notumfacimus universis, quod ad mandatum serenissimi et invictissimi principis et domini nostri graciosi domini Karoli, Romanorum semper
1339 1228 6673 1330 augusti et Boemie regis, et iuxta antiquam regni Boemie consuetudinem dudum laudabiliter observatam necnon ordinacionem providam, quam clare memorie illustris et magnificus princeps
1371 1320 6619 1408 ac dominus noster dominus Johannes, quondam Boemie rex, genitor ipsius, matura deliberacione instituisse dinoscitur, qua ipse prefatum dominum nostrum Romanorum et Boemie regem primogenitum suum eiusque
1355 1402 6664 1487 heredes et successores per masculinam lineam descendentes ab ipso in prefato regno suo Boemie suos heredes esse constituit, voluit et decrevit illustri principi domino nostro Wenceslao, pre¬
1373 1486 6637 1561 fati domini nostri Romanorum et Boemie regis primogenito, animo deliberato non per errorem aut improvide, sed omnium votis communiter accedentibus in presencia domini Cunradi de Falkinhayn, capitanei nostri,
1363 1566 6658 1636 et nonnullorum nobilum ac fidedignorum corporalia iuramenta omagii et obediencie at fidelitatis debite prestitimus et prestamus necnon promisimus et promittimus bona nostra fide et sine dolo pro no¬
1361 1643 6599 1713 bis heredibus et successoribus nostris in perpetuum ad prefatum dominum nostrum Wenceslaum in casu, ubi fortasse serenissimum dominum nostrum genitorem ipsius, quem Deus omnipotens custodire dignetur, ab hac
1363 1719 6660 1787 luce migrare contingeret, immediatum habere respectum sibique tamquam regi Boemie necnon vero legittimo et naturali domino nostro in omnibus et singulis parere et intendere et absque omnis contra¬
1373 1797 6614 1866 diccionis inpedimenti seu difficultatis obstaculo firmiter obedire promittentes nichilominus bona nostra fide sine dolo pro nobis heredibus et successoribus nostris, ut premittitur, eadem iuramenta
1358 1873 6620 1947 corporalia de fide legalitate et obediencia seruandis non extante prefato domino nostro Wenceslao, suo primogenito, vel illo non existente seniori suorum heredum vel ipso absque heredibus decedente
1358 1920 6805 2025 fratri suo seniori, si quem habuerit, aut illo decedente seniori eiusdem fratris heredi et sic demum inantea senioribus fratribus ac seniorum fratrum senioribus heredibus in linea sexus masculini
1349 2029 6621 2110 procedendo continue prestare et corporaliter facere perpetuis temporibus affuturis. Presencium sub nostre civitatis sigillo testimonio litterarum. Datum Wratzlavie anno Domini millesimo trecentesimo
1358 2106 6703 2186 quinquagesimoprimo in crastino circumcisionis eiusdem. In cuius rei testimonium atque robur presentes nostras litteras et inserciones sigillorum nostrorum appensione fecimus firmius roborari. Datum
1371 2181 6648 2253 Wienne anno Domini millesimo quandringentesimo viczesimo sexto XX die marcii, regnorum nostrorum anno hungarie et cetera XXXVIIIIo, romanorum XVImo, boemie vero sexto.
5683 2351 6379 2508 Ad mandatum domini regis
5740 2545 6322 2607 Michael, prepositus Boleslaviensis.
