9279 5162
825 890 7359 1041 Nos Sigismundus, Dei gracia romanorum rex, semper augustus ac Hungarie, Boemie, Dalmacie, Croacie et cetera rex, et Albertus, eadem gracia dux Austrie, Stirie, Karinthie et cetera et marchio Moravie, notumfacimus tenore presencium universis, quod
879 959 7405 1123 nos nuper vidimus et auscultari ac legi fecimus certas litteras illustris principis Henrici, ducis Slesie et domini de Furstemberg et in Jawor, ac consulum civium et communitatum civitatum Sweydnicz, Jawor, Strygon, Reychenbach, Nymptsch, Hayn,
895 1043 7439 1200 Landishut, Hyrsberk, Lewemberg, Boczlaw, Czobothe, Vreyburg, Greyfemburg, Schonow et Lehn non abrasas seu cantallatas, sed integras sanas et omni vicio ac susspicione carentes sigillisque veris et non fictis firmius communitas,
887 1128 7422 1269 quas ad presentes nostras litteras atque scripta inseri et transscribi fecimus ut eis aquocumque homine adhibeatur fides infallibilis atque firma, quarum quidem litterarum tenor de verbo ad verbum per omnia sequitur et est talis: Nos Heinricus, Dei gracia dux Slesie, dominus de
911 1194 7418 1333 Furstemberg et in Jawor, ad universorum noticiam tenore presencium volumus pervenire, quod quia cum illustribus principibus dominis Johanne, Boemie rege ac comite Lucemburgensi, necnon Karolo, marchione Moravie, eiusdem regis domini primogenito, sororiis
901 1261 7400 1398 nostris karissimis, ad pleniorem concordie pervenimus unionem et talia cum ipsis colligacionis intravimus federa, quod nos ipsos in regno Boemie seu terra Moravie aliisque terris ipsorum Polonie cum tota nostra potencia, quotiens et quando eis necesse fuerit, fideliter
883 1327 7426 1463 adiuvare contra ipsorum adversarios ipsis iniuriari volentes sub propriis nostris dispendiis debeamus, ipsi vero in expensis nobis tunc providere tenebuntur, si autem in dictorum dominorum obsequiis cum aliquo rebelle vel rebellibus ipsorum bellum campestre in dictis terris
885 1389 7439 1535 eorum inierimus, damna, que nos sustinere contingeret, nobis resarcire sunt adstricti, sed ad eos lucra, que reportaverimus, pertinebunt, si vero cum eis extra limites suos ad alienas terras processerimus in eorum servitiis, tum non solum pro expensis verum
901 1460 7363 1606 etiam pro dampnis, que sustinuerimus, nobis repsondere tenebuntur et pro serviciis nostris eam, qua contentari aut subsistere possimus, facere recompensam. Datum Wratislavie in epiphania Domini anno Domini millesimo trecentesimo tricesimo septimo nostri sub appensione
888 1544 7378 1661 sigilli in testimonium premissorum. Wir die ratmanne burger und die ganczen gemeynschefte der stete Swydnicz, Jawor, Strygon, Reychenbach, Nymptsch, Hayn, Landishut, Hyrsberk, Lewenberg, Bonczlaw, Czobothe,
891 1608 7359 1758 Vreyburg, Greyfemberg, Schonaw und Lehn bekennen und tun kunt offentlich mit disem briefe allen den, die in sehen odir horen lesen, daz wir von gebote und wissentlichem geheizze des durchluchtisten fursten und
877 1685 7328 1838 hern hern Wenczlaws, kuniges czu Behem, unsers lieben gnedigen hern, und ouch der hochgeborn furstinnen und vrowen vrowen Elizabeth, herczoginn czu Osterreich, czu Steyer und czu Kernden, unser lieben gnedigen vrowen,
927 1766 7316 1905 und dorczu mit gust und guten willen der hochgeborn furstinnen und vrowen wroven Agnesen, herczoginn czur Sweydnicz und czum Jawor, unsere lieben gnedigen vrowen, dem allerduchluchtistem fursten und
868 1842 7415 1985 herren hern Karle, romischem keiser, czu allen czeiten merer des reichs und kungen czu Behem, als eynem kunge czu Behem seinen erben und nachkomen, kungen czu Behem, erblichen geholdet gelobt und leibliche
878 1916 7474 2061 eyde czu den heyligen gesworn haben in der mazze ab es czu schulden queme, daz der egenant unser herre kunig Wenczlaw ane leibes erben abgienge oder ob er erben gewunne die ouch furbas ane leibes erben vor¬
902 1988 7361 2138 schieden, daz wir denn mit den egenanten steten merkten und iren wichbilden an den egenanten unsern hern keyser Karle, seine erben odir nachkomen, kunge czu Behem, als an unser rechte erbliche und naturliche
900 2062 7382 2218 herschaft erben und gevallen sullen und dorumb so globen wir alle gemeynlich und unser ieczlicher sunderlich fur uns unser erben und nachkomen ewiclich in guten truwen ane geverde und bei den eyden
876 2138 7423 2293 die wir doruber gesworn haben, ab es czu schulden queme als vorgeschriben stet, daz unser herre kung Wenczlaw ane leibes erben und erbes erben vorschiede do got fur sey, daz wir denne unsere erben und nachkomen
869 2209 7331 2356 alle gemeynlich und unser ieczlicher sunderlich mitsampt den egenanten steten merkten und wichbilden noch tode der egenanten unser vrowen vrowen Agnesen, der herczoginn, dem obgenanten unserm hern keisere Karle,
892 2278 7423 2440 seinen erben oder nachkomen, kungen czu Behem, als unsere rechten naturlichen und erblicher herschafft gewarten und in untertenig sein sullen und wollen iren fromen czu werben iren schaden zu wen¬
876 2351 7427 2512 den und alles, das gen in czu tunde das rechte erblich burger gen, irre rechten erblichen und naturlichen herschaft durch recht odir gewonheit czu tunde pflichtig sein. Mit urkunde dicz briefes vorsigelt mit
878 2419 7424 2582 unsern anhangunden ingesigeln. Geben czur Sweydnicz an dem freytag vor sand Gallen tag noch Crists geburde dreyczenhundert jar dornach in dem neunundsechczigstem jare. In cuius rei testimonium atque robur
894 2490 7430 2660 presentes nostras litteras ac inserciones sigillorum nostrorum appensione facimus firmius roborari. Datum Wienne anno Domini millesimo quadringentesimo vicesimosexto vicesima die marcii, regnorum nostrorum anno Hungarie et cetera trice¬
882 2634 2301 2721 simo nono, romanorum XVI, Boemie vicesimo sexto.
6530 2636 7408 2731 Ad mandatum domini regis
6610 2720 7402 2787 Michael, prepositus Boleslaviensis.
