6669 6391
1149 1055 4582 1212 Nos Johannes, Dei gracia Boemie  et Polonie rex ac Lucemburgensis comes, scire volumus inspecto¬
1005 1167 4580 1318 res presencium universos, quod quia devotus noster dilectus frater Ulricus, magister ordinis cruciferorum
1013 1267 4567 1426 hospitalis in pede pontis Pragensis et convictus ibidem, bona et oppidum ipsorum Gumpolds
1005 1362 4561 1544 cum omnibus suis juribus, proventibus et pertinenciis, in quibiscumque rebus consistant, cogente ine¬
1003 1461 4537 1653 vitabilis ordinis et domus ipsorum, quam nullo alio modo intervenire poterant, necessitate fideli
1003 1567 4521 1761 nostro dilecto Henrico de Lypa, capitaneo Moravie, et suis heredibus pro certa quantitate pecunie,
1004 1671 4545 1875 pro qua bona alia ordini et domui ipsorum magis utiliora de nostro consensu et ex certa nostra sciencia
1005 1782 4543 1989 conpararunt, rite et rationabiliter cum omni jure, sicut ad ordinem et domum ipsorum specta¬
1017 1891 4577 2109 bant, iusto vendicionis tytulo tradiderunt, sicut in ipsorum litteris ipsi Henrico et suis heredibus super
1019 2000 4557 2213 eo datis plenius continetur expressum, nos huiusmodi vendicionem de certa nostra sciencia, ut premittitur,
1027 2107 4555 2317 factam, ratam et gratam habentes ipsam approbamus, ratificamus et presentis scripti patrocinio confirmamus.
1027 2209 4523 2427 Harum, quas nostro maiori sigillo sigillari fecimus testimonio, litterarum. Datum Prage XIIII kalendas
1019 2318 3223 2470 aprilis anno Domini millesimo trecentesimo vicesimo quinto.
