3000 1957
535 551 1995 644 Ego Ulricus Lepus de Waldek ad universorum noticiam tenore presencium cupio prevenire, quod quia serenissimus
544 626 1986 678 dominus meus, dominus Johannes, Boemie et Polonie rex ac Lucemburgensis comes, michi oppida Eylov et
554 666 1988 716 Knye cum suis pertinenciis, superaddita michi quadam ex dono pecunia in mille ducentis sexagenis grossorum,
550 710 1981 758 obligavit, ego oppida eadem cum suis pertinenciis ab eo in feodum recipio sic, quod ego et heredes
550 752 1963 800 mei ipsa oppida necnon castrum Waldek cum villis, prout in aliis meis litteris continetur plenius,
549 796 1952 842 a dicto domino meo rege et heredibus suis in feodum et nomine feodi perpetuis temporibus tenere ac servicia
555 838 1951 881 de ipsis fidelia et consueta facere debemus et tenebimur fideliter et constanter, Datum Prage
550 879 2002 920 anno Domini millesimo trecentesimo tricesimo primo, die precedenti festum Exaltacionis sancte Crucis.
1696 981 2048 1046 Ponatur ad homagia
1692 1032 1870 1085 Boemorum.
