8308 6377
541 263 4038 642 Wir Ruprecht der Elter von Gotes gnaden pfallenczgrave by Rine, dez heiligen Romischen riches obrester truchsesze
614 658 4008 764 und herczog in Beyern, bekennen und tun chunt offenlichen mit disem briefe allen den, die in sehent oder horent le¬
619 782 3990 884 sen, daz uns kuntlichen und wissenlichen ist, und daz selben unser eltern und vordern herczogen zu Beyern an uns
625 903 4008 1011 und seliger gedechtnusse den hochgeborn herczog Rudolf, unserm bruder, her bracht haben, daz die vesten und merkte
614 1027 3992 1137 der Hohenstein, Hersprugge und Urbach, die von unsers bruders herczog Rudolfs dez vorgenanten tode uf uns verfallen
619 1150 3968 1261 waren, und die wir dem allerdurchluchtigsten fursten und herren hern Karln, Romischem keyser, zu allen ziten merer
611 1273 4005 1387 des richs und kung zu Beheim, unsern lieben gnedigen herren alz einem kung zu Beheim, und der cronen dez selben
628 1402 3954 1506 kungriches zu Beheim recht und redlichen vorkauft haben, von nyemand anders ruren, danne von dem Heiligen
622 1520 3974 1631 Romischen riche. Und wir, unser eltern und bruder ez von nyemand anders gehabt haben, nur von dem Heiligen riche,
613 1637 3892 1760 alz da vor begriffen ist. Mit urkund ditz briefes, versigelt mit unserm insigel, geben zu Heydelberg nach Cristus
613 1764 3919 1879 geburt drutzehen hundert jare, dar nach in dem achten und funftzigistem jare am nechsten dornstage
609 1890 2726 1997 nach der heiligen zwelfboten sant Peters und sant Pauls tage.
