<?xml version="1.0" encoding="UTF-8" standalone="yes"?>
<PcGts xmlns="http://schema.primaresearch.org/PAGE/gts/pagecontent/2013-07-15" xmlns:xsi="http://www.w3.org/2001/XMLSchema-instance" xsi:schemaLocation="http://schema.primaresearch.org/PAGE/gts/pagecontent/2013-07-15 http://schema.primaresearch.org/PAGE/gts/pagecontent/2013-07-15/pagecontent.xsd">
    <Metadata>
        <Creator>prov=University of Rostock/Institute of Mathematics/CITlab/Tobias Gruening/tobias.gruening@uni-rostock.de:name=/net_tf/LA73_249_0mod360.pb:de.uros.citlab.segmentation.CITlab_LA_ML:v=2.3.1
TRP</Creator>
        <Created>2019-07-23T09:12:04.059+02:00</Created>
        <LastChange>2019-11-15T13:47:10.647+01:00</LastChange>
        <TranskribusMetadata docId="186793" pageId="7440008" pageNr="1" tsid="19404562" status="IN_PROGRESS" userId="38723" imgUrl="https://files.transkribus.eu/Get?id=STNDTNIWYHFNDKFGIQETFUJQ&amp;fileType=view" xmlUrl="https://files.transkribus.eu/Get?id=POWJMALZBKNLSLZHGMXUSMYE" imageId="4468416"/>
    </Metadata>
    <Page imageFilename="NA-ACK_13510324_00360_r.jpg" imageWidth="7075" imageHeight="5650">
        <ReadingOrder>
            <OrderedGroup id="ro_1579618061569" caption="Regions reading order">
                <RegionRefIndexed index="0" regionRef="r1"/>
                <RegionRefIndexed index="1" regionRef="region_1563866527719_343"/>
            </OrderedGroup>
        </ReadingOrder>
        <TextRegion orientation="0.0" id="r1" custom="readingOrder {index:0;}">
            <Coords points="899,348 910,2332 4332,2304 4327,354"/>
            <TextLine id="r1l1" custom="readingOrder {index:0;} person {offset:4; length:88;} place {offset:86; length:6;}">
                <Coords points="954,840 1427,835 1747,824 1882,821 2017,818 2152,815 2287,812 2422,810 2557,808 2692,806 2827,805 2961,804 3096,804 3231,804 3366,804 3501,806 3636,807 3771,810 3906,813 4041,817 4176,821 4171,696 4053,696 3918,696 3778,696 3660,700 3512,696 3381,700 3229,692 3090,700 2963,696 2836,693 2685,696 2558,692 2423,697 2288,700 2161,700 2018,705 1895,713 1519,709 1507,401 937,409"/>
                <Baseline points="1478,806 1612,802 1747,798 1882,795 2017,792 2152,789 2287,786 2422,784 2557,782 2692,780 2827,779 2961,778 3096,778 3231,778 3366,778 3501,780 3636,781 3771,784 3906,787 4041,791 4176,795"/>
                <TextEquiv>
                    <Unicode>Wir Karl von Gots gnaden Romischer kung, ze allen zeiten merer des reichs und kung ze Beheim,</Unicode>
                </TextEquiv>
            </TextLine>
            <TextLine id="r1l2" custom="readingOrder {index:1;}">
                <Coords points="1232,920 1408,932 1553,930 1699,929 1844,927 1990,924 2135,922 2281,920 2426,918 2572,917 2717,915 2862,915 3008,914 3153,915 3299,915 3444,917 3590,919 3735,924 3881,928 4026,933 4172,940 4172,861 4026,854 3881,849 3735,845 3590,840 3444,838 3299,836 3153,836 3008,835 2862,836 2717,836 2572,838 2426,839 2281,841 2135,843 1990,845 1844,848 1699,850 1553,851 1408,853 1215,835"/>
                <Baseline points="1263,908 1408,906 1553,904 1699,903 1844,901 1990,898 2135,896 2281,894 2426,892 2572,891 2717,889 2862,889 3008,888 3153,889 3299,889 3444,891 3590,893 3735,898 3881,902 4026,907 4172,914"/>
                <TextEquiv>
                    <Unicode>veriehen und tun kunt offenlich mit diesem brief allen den, die in sehen, horen odir lesen, wann die edlen </Unicode>
                </TextEquiv>
            </TextLine>
            <TextLine id="r1l3" custom="readingOrder {index:2;} person {offset:0; length:8;} person {offset:13; length:23;} place {offset:26; length:10;}">
                <Coords points="1245,1039 1434,1034 1577,1034 1720,1034 1864,1033 2007,1032 2150,1031 2293,1031 2437,1030 2580,1029 2723,1028 2866,1028 3010,1028 3153,1028 3296,1028 3439,1029 3583,1030 3726,1032 3869,1034 4012,1037 4156,1041 4156,962 4012,958 3869,955 3726,953 3583,951 3439,950 3296,949 3153,949 3010,949 2866,949 2723,949 2580,950 2437,951 2293,952 2150,952 2007,953 1864,954 1720,955 1577,955 1434,955 1228,949"/>
                <Baseline points="1291,1008 1434,1008 1577,1008 1720,1008 1864,1007 2007,1006 2150,1005 2293,1005 2437,1004 2580,1003 2723,1002 2866,1002 3010,1002 3153,1002 3296,1002 3439,1003 3583,1004 3726,1006 3869,1008 4012,1011 4156,1015"/>
                <TextEquiv>
                    <Unicode>Fridrich und Bernhart von Schonnburg, unsir lieben getrewen, fur sich, ir erbin und nachkumen ewe¬</Unicode>
                </TextEquiv>
            </TextLine>
            <TextLine id="r1l4" custom="readingOrder {index:3;} place {offset:51; length:6;}">
                <Coords points="1273,1150 1414,1148 1555,1146 1696,1144 1838,1144 1979,1143 2120,1143 2262,1142 2403,1142 2544,1143 2686,1143 2827,1143 2968,1144 3109,1144 3251,1145 3392,1145 3533,1145 3675,1145 3816,1145 3957,1144 4099,1143 4099,1067 3957,1068 3816,1069 3675,1069 3533,1069 3392,1069 3251,1069 3109,1068 2968,1068 2827,1067 2686,1067 2544,1067 2403,1066 2262,1066 2120,1067 1979,1067 1838,1068 1696,1068 1555,1070 1414,1072 1273,1074"/>
                <Baseline points="1273,1125 1414,1123 1555,1121 1696,1119 1838,1119 1979,1118 2120,1118 2262,1117 2403,1117 2544,1118 2686,1118 2827,1118 2968,1119 3109,1119 3251,1120 3392,1120 3533,1120 3675,1120 3816,1120 3957,1119 4099,1118"/>
                <TextEquiv>
                    <Unicode>clich on geverd uns, unsirn erbin und nachkumen ze Beheim und der cronen, do selbist gehuldit, ge¬</Unicode>
                </TextEquiv>
            </TextLine>
            <TextLine id="r1l5" custom="readingOrder {index:4;} place {offset:78; length:6;}">
                <Coords points="1294,1261 1434,1257 1574,1255 1714,1253 1854,1252 1994,1251 2134,1250 2275,1249 2415,1249 2555,1249 2695,1248 2835,1249 2975,1249 3115,1249 3256,1249 3396,1249 3536,1249 3676,1249 3816,1248 3956,1247 4097,1247 4097,1171 3956,1171 3816,1172 3676,1173 3536,1173 3396,1173 3256,1173 3115,1173 2975,1173 2835,1173 2695,1172 2555,1173 2415,1173 2275,1173 2134,1174 1994,1175 1854,1176 1714,1177 1574,1179 1434,1181 1294,1185"/>
                <Baseline points="1294,1236 1434,1232 1574,1230 1714,1228 1854,1227 1994,1226 2134,1225 2275,1224 2415,1224 2555,1224 2695,1223 2835,1224 2975,1224 3115,1224 3256,1224 3396,1224 3536,1224 3676,1224 3816,1223 3956,1222 4097,1222"/>
                <TextEquiv>
                    <Unicode>lobt und gesworn haben getrewe, gehorsam und undirtenig ze sein als kungen zu Beheim und iren </Unicode>
                </TextEquiv>
            </TextLine>
            <TextLine id="r1l6" custom="readingOrder {index:5;} place {offset:93; length:6;}">
                <Coords points="1299,1371 1441,1369 1584,1367 1727,1366 1870,1364 2013,1362 2156,1360 2299,1359 2442,1357 2585,1355 2728,1354 2870,1352 3013,1351 3156,1349 3299,1348 3442,1347 3585,1346 3728,1344 3871,1344 4014,1343 4157,1342 4157,1263 4014,1264 3871,1265 3728,1265 3585,1267 3442,1268 3299,1269 3156,1270 3013,1272 2870,1273 2728,1275 2585,1276 2442,1278 2299,1280 2156,1281 2013,1283 1870,1285 1727,1287 1584,1288 1441,1290 1299,1292"/>
                <Baseline points="1299,1345 1441,1343 1584,1341 1727,1340 1870,1338 2013,1336 2156,1334 2299,1333 2442,1331 2585,1329 2728,1328 2870,1326 3013,1325 3156,1323 3299,1322 3442,1321 3585,1320 3728,1318 3871,1318 4014,1317 4157,1316"/>
                <TextEquiv>
                    <Unicode>rechten erbherren, und haben von uns gemutet ire lehen, die sie von uns und dem kungreich ze Beheym </Unicode>
                </TextEquiv>
            </TextLine>
            <TextLine id="r1l7" custom="readingOrder {index:6;}">
                <Coords points="1286,1474 1427,1475 1569,1475 1710,1475 1852,1475 1993,1475 2135,1475 2276,1474 2418,1473 2559,1472 2701,1471 2843,1470 2984,1469 3126,1468 3267,1467 3409,1465 3550,1464 3692,1463 3833,1462 3975,1461 4117,1460 4117,1384 3975,1385 3833,1386 3692,1387 3550,1388 3409,1389 3267,1391 3126,1392 2984,1393 2843,1394 2701,1395 2559,1396 2418,1397 2276,1398 2135,1399 1993,1399 1852,1399 1710,1399 1569,1399 1427,1399 1286,1398"/>
                <Baseline points="1286,1449 1427,1450 1569,1450 1710,1450 1852,1450 1993,1450 2135,1450 2276,1449 2418,1448 2559,1447 2701,1446 2843,1445 2984,1444 3126,1443 3267,1442 3409,1440 3550,1439 3692,1438 3833,1437 3975,1436 4117,1435"/>
                <TextEquiv>
                    <Unicode>ze rechte haben sullen, des habin wir in mit wolbedachten mute und mit rechtir wissen verleihen und </Unicode>
                </TextEquiv>
            </TextLine>
            <TextLine id="r1l8" custom="readingOrder {index:7;} place {offset:66; length:6;} place {offset:89; length:11;}">
                <Coords points="1280,1579 1422,1580 1565,1581 1707,1581 1850,1582 1993,1582 2135,1582 2278,1582 2420,1582 2563,1582 2706,1581 2848,1581 2991,1581 3133,1581 3276,1581 3419,1582 3561,1582 3704,1583 3846,1584 3989,1586 4132,1588 4132,1510 3989,1508 3846,1506 3704,1505 3561,1504 3419,1504 3276,1503 3133,1503 2991,1503 2848,1503 2706,1503 2563,1504 2420,1504 2278,1504 2135,1504 1993,1504 1850,1504 1707,1503 1565,1503 1422,1502 1280,1501"/>
                <Baseline points="1280,1553 1422,1554 1565,1555 1707,1555 1850,1556 1993,1556 2135,1556 2278,1556 2420,1556 2563,1556 2706,1555 2848,1555 2991,1555 3133,1555 3276,1555 3419,1556 3561,1556 3704,1557 3846,1558 3989,1560 4132,1562"/>
                <TextEquiv>
                    <Unicode>verleihen in, iren erbin und nachkumen ewiclichen als ein kung ze Beheim, die vestin den Hassensteyn, </Unicode>
                </TextEquiv>
            </TextLine>
            <TextLine id="r1l9" custom="readingOrder {index:8;} place {offset:4; length:6;} place {offset:19; length:8;}">
                <Coords points="1278,1707 1423,1705 1569,1704 1714,1702 1860,1700 2006,1699 2151,1698 2297,1697 2442,1696 2588,1695 2734,1695 2879,1696 3025,1696 3170,1697 3316,1699 3462,1701 3607,1703 3753,1706 3898,1710 4044,1715 4190,1719 4190,1640 4044,1636 3898,1631 3753,1627 3607,1624 3462,1622 3316,1620 3170,1618 3025,1617 2879,1617 2734,1616 2588,1616 2442,1617 2297,1618 2151,1619 2006,1620 1860,1621 1714,1623 1569,1625 1423,1626 1278,1628"/>
                <Baseline points="1278,1681 1423,1679 1569,1678 1714,1676 1860,1674 2006,1673 2151,1672 2297,1671 2442,1670 2588,1669 2734,1669 2879,1670 3025,1670 3170,1671 3316,1673 3462,1675 3607,1677 3753,1680 3898,1684 4044,1689 4190,1693"/>
                <TextEquiv>
                    <Unicode>die Sletin und die Bresnitz mit dorfirn, zinsen, mülen, gulten, nutzen gerichten, herscheftin ern wirdin </Unicode>
                </TextEquiv>
            </TextLine>
            <TextLine id="r1l10" custom="readingOrder {index:9;}">
                <Coords points="1292,1823 1432,1822 1572,1822 1712,1821 1853,1820 1993,1819 2133,1818 2273,1817 2414,1816 2554,1815 2694,1814 2834,1814 2975,1814 3115,1814 3255,1815 3395,1817 3536,1819 3676,1822 3816,1826 3956,1831 4097,1837 4097,1758 3956,1752 3816,1747 3676,1743 3536,1740 3395,1738 3255,1736 3115,1735 2975,1735 2834,1735 2694,1735 2554,1736 2414,1737 2273,1738 2133,1739 1993,1740 1853,1741 1712,1742 1572,1743 1432,1743 1292,1744"/>
                <Baseline points="1292,1797 1432,1796 1572,1796 1712,1795 1853,1794 1993,1793 2133,1792 2273,1791 2414,1790 2554,1789 2694,1788 2834,1788 2975,1788 3115,1788 3255,1789 3395,1791 3536,1793 3676,1796 3816,1800 3956,1805 4097,1811"/>
                <TextEquiv>
                    <Unicode>rechten, gewonheiten und mit allir zugehorung, wie man die mit sundirlichen worten genennen </Unicode>
                </TextEquiv>
            </TextLine>
            <TextLine id="r1l11" custom="readingOrder {index:10;}">
                <Coords points="1288,1930 1429,1931 1570,1932 1712,1932 1853,1931 1994,1930 2136,1929 2277,1927 2418,1926 2560,1925 2701,1923 2842,1922 2984,1922 3125,1921 3266,1922 3408,1923 3549,1925 3690,1928 3832,1932 3973,1937 4115,1943 4115,1864 3973,1858 3832,1853 3690,1849 3549,1846 3408,1844 3266,1843 3125,1842 2984,1843 2842,1843 2701,1844 2560,1846 2418,1847 2277,1848 2136,1850 1994,1851 1853,1852 1712,1853 1570,1853 1429,1852 1288,1851"/>
                <Baseline points="1288,1904 1429,1905 1570,1906 1712,1906 1853,1905 1994,1904 2136,1903 2277,1901 2418,1900 2560,1899 2701,1897 2842,1896 2984,1896 3125,1895 3266,1896 3408,1897 3549,1899 3690,1902 3832,1906 3973,1911 4115,1917"/>
                <TextEquiv>
                    <Unicode>mag, als sie die selbin vestin lehen und guet her bracht habin und die redlichen besessen haben und</Unicode>
                </TextEquiv>
            </TextLine>
            <TextLine id="r1l12" custom="readingOrder {index:11;} place {offset:53; length:5;} date {offset:93; length:7; continued:true;year:0; day:0; month:0;}">
                <Coords points="1296,2047 1437,2046 1578,2046 1720,2045 1861,2044 2003,2043 2144,2042 2286,2041 2427,2040 2569,2039 2710,2039 2851,2038 2993,2038 3134,2039 3276,2040 3417,2042 3559,2044 3700,2047 3842,2052 3983,2056 4125,2063 4125,1984 3983,1977 3842,1973 3700,1968 3559,1965 3417,1963 3276,1961 3134,1960 2993,1959 2851,1959 2710,1960 2569,1960 2427,1961 2286,1962 2144,1963 2003,1964 1861,1965 1720,1966 1578,1967 1437,1967 1296,1968"/>
                <Baseline points="1296,2021 1437,2020 1578,2020 1720,2019 1861,2018 2003,2017 2144,2016 2286,2015 2427,2014 2569,2013 2710,2013 2851,2012 2993,2012 3134,2013 3276,2014 3417,2016 3559,2018 3700,2021 3842,2026 3983,2030 4125,2037"/>
                <TextEquiv>
                    <Unicode>besitzen. Mit urkund dietzs briefs, der gebin ist ze Prage und versigelt mit unsirm insigel, do man </Unicode>
                </TextEquiv>
            </TextLine>
            <TextLine id="r1l13" custom="readingOrder {index:12;} date {offset:0; length:95; continued:true;year:0; day:0; month:0;}">
                <Coords points="1293,2161 1432,2159 1572,2156 1712,2154 1852,2153 1992,2152 2131,2151 2271,2151 2411,2151 2551,2151 2691,2152 2830,2153 2970,2154 3110,2155 3250,2157 3390,2158 3529,2161 3669,2162 3809,2165 3949,2167 4089,2169 4089,2090 3949,2088 3809,2086 3669,2083 3529,2082 3390,2079 3250,2078 3110,2076 2970,2075 2830,2074 2691,2073 2551,2072 2411,2072 2271,2072 2131,2072 1992,2073 1852,2074 1712,2075 1572,2077 1432,2080 1293,2082"/>
                <Baseline points="1293,2135 1432,2133 1572,2130 1712,2128 1852,2127 1992,2126 2131,2125 2271,2125 2411,2125 2551,2125 2691,2126 2830,2127 2970,2128 3110,2129 3250,2131 3390,2132 3529,2135 3669,2136 3809,2139 3949,2141 4089,2143"/>
                <TextEquiv>
                    <Unicode>zalt nach Cristis gepuert dreuzenhundirt jar, darnach in dem ein und funfzigstin jare an unsir </Unicode>
                </TextEquiv>
            </TextLine>
            <TextLine id="r1l14" custom="readingOrder {index:13;} date {offset:0; length:61; continued:true;year:0; day:0; month:0;}">
                <Coords points="1275,2267 1414,2265 1507,2262 1600,2259 1693,2256 1787,2253 1880,2251 1973,2250 2066,2249 2159,2248 2253,2247 2346,2247 2439,2247 2532,2247 2625,2248 2719,2249 2812,2251 2905,2253 2998,2255 3091,2258 3185,2261 3185,2182 3091,2179 2998,2176 2905,2174 2812,2172 2719,2170 2625,2169 2532,2168 2439,2168 2346,2168 2253,2168 2159,2169 2066,2170 1973,2171 1880,2172 1787,2174 1693,2177 1600,2180 1507,2183 1414,2186 1279,2170"/>
                <Baseline points="1321,2242 1414,2239 1507,2236 1600,2233 1693,2230 1787,2227 1880,2225 1973,2224 2066,2223 2159,2222 2253,2221 2346,2221 2439,2221 2532,2221 2625,2222 2719,2223 2812,2225 2905,2227 2998,2229 3091,2232 3185,2235"/>
                <TextEquiv>
                    <Unicode>Frawen abent in der vasten, in dem funften jar unserer reiche.</Unicode>
                </TextEquiv>
            </TextLine>
            <TextEquiv>
                <Unicode>Wir Karl von Gots gnaden Romischer kung, ze allen zeiten merer des reichs und kung ze Beheim,&#xD;
veriehen und tun kunt offenlich mit diesem brief allen den, die in sehen, horen odir lesen, wann die edlen &#xD;
Fridrich und Bernhart von Schonnburg, unsir lieben getrewen, fur sich, ir erbin und nachkumen ewe¬&#xD;
clich on geverd uns, unsirn erbin und nachkumen ze Beheim und der cronen, do selbist gehuldit, ge¬&#xD;
lobt und gesworn haben getrewe, gehorsam und undirtenig ze sein als kungen zu Beheim und iren &#xD;
rechten erbherren, und haben von uns gemutet ire lehen, die sie von uns und dem kungreich ze Beheym &#xD;
ze rechte haben sullen, des habin wir in mit wolbedachten mute und mit rechtir wissen verleihen und &#xD;
verleihen in, iren erbin und nachkumen ewiclichen als ein kung ze Beheim, die vestin den Hassensteyn, &#xD;
die Sletin und die Bresnitz mit dorfirn, zinsen, mülen, gulten, nutzen gerichten, herscheftin ern wirdin &#xD;
rechten, gewonheiten und mit allir zugehorung, wie man die mit sundirlichen worten genennen &#xD;
mag, als sie die selbin vestin lehen und guet her bracht habin und die redlichen besessen haben und&#xD;
besitzen. Mit urkund dietzs briefs, der gebin ist ze Prage und versigelt mit unsirm insigel, do man &#xD;
zalt nach Cristis gepuert dreuzenhundirt jar, darnach in dem ein und funfzigstin jare an unsir &#xD;
Frawen abent in der vasten, in dem funften jar unserer reiche.</Unicode>
            </TextEquiv>
        </TextRegion>
        <TextRegion id="region_1563866527719_343" custom="readingOrder {index:1;}">
            <Coords points="3866,2579 3191,2579 3191,2337 3866,2337"/>
            <TextLine id="line_1563866682726_373" custom="readingOrder {index:0;}">
                <Coords points="3306,2377 3766,2377 3766,2456 3306,2456"/>
                <TextEquiv>
                    <Unicode> per dominum regem</Unicode>
                </TextEquiv>
            </TextLine>
            <TextLine id="line_1563866772447_414" custom="readingOrder {index:1;} person {offset:0; length:21;}">
                <Coords points="3304,2453 3780,2453 3780,2562 3304,2562"/>
                <TextEquiv>
                    <Unicode>Johannes Noviforensis</Unicode>
                </TextEquiv>
            </TextLine>
            <TextEquiv>
                <Unicode> per dominum regem&#xD;
Johannes Noviforensis</Unicode>
            </TextEquiv>
        </TextRegion>
    </Page>
</PcGts>
