9575 7367
1350 1004 6492 1154 Nos Johannes, Dei gratia prepositus, cancellarius Regni Bohemie, Dirzlaus decanus, Nycolaus custos, Waltherus scolasticus totumque capitulum Wys¬
1379 1132 6533 1272 segradensis ecclesie ad Romanam ecclesiam nullo medio pertinentis, fatemur et recognoscimus per presentes, quod volentes condicionem ipsius ecclesie nostre facere
1381 1245 6473 1392 meliorem, bona eiusdem ecclesie nostre in Wolframitz in Moravia sita cum villis, videlicet Lysnitz, Selchowicz et Pochtitz et eorum universis
1383 1347 6518 1509 pertinenciis, que sic longe a nostra fuerunt ecclesia posita, quod eorum utilitatem non totam poteramus percipere, matura et diligenti deliberacione pre¬
1411 1467 6475 1628 habita de serenissimi domini nostri, domini Johannis, Bohemie et Polonie regis, Lucemburgensis comitis, qui eiusdem ecclesie nostre existit patronus, de
1389 1588 6493 1723 communi nostro consilio, connivencia et assensu expedire et proficere ecclesie nostre predicte non dubitantes, nobili viro domino Henrico de Lypa,
1392 1704 6500 1856 summo Regni Boemie marschalco rite vendidimus omneque ius, quod nobis, prepositure et ecclesie Wyssegradensi predicte conpetit aut conpetere poterat,
1379 1809 6481 1955 transtulimus in eundem taliter, quod ipse dominus Henricus et heredes sui bona ipsa et villas predictas cum omnibus iuribus, utilitatibus, libertatibus, iure
1409 1919 6457 2071 patronatus in Wolframitz et pertinenciis suis universis, in quibuscumque rebus consistant, cum omni dominio, iure et iurisdiccione, sicut
1390 2042 6522 2195 ad ipsam preposituram et ecclesiam nostram pertinebant, iure hereditario et in perpetuum habeant, teneant et possideant eisque utantur
1405 2157 6557 2301 libere et de eis tamquam de re propria ordinent, disponant et faciant hoc, quod eorum placuerit voluntati, pro duobus milibus marcarum grossorum
1411 2274 6556 2443 denariorum Pragensium, sexaginta quatuor grossos computando pro marca qualibet, quam quidem pecuniam per ipsum dominum Henricum nobis et ecclesie nostre
1395 2405 6547 2571 plene et integraliter solutam et in prepositure et ecclesie nostre utilitatem conversam esse recognoscimus sic, quod de ipsa pecunia duorum
1396 2518 6519 2700 milium marcarum eundem dominum Henricum, heredes et successores suos presentibus quittamus et liberos esse dicimus et solutos, renunciantes spon¬
1375 2647 6569 2814 te ac libere ac sine coaccione qualibet excepcioni non numerate vel non solute nobis vel in utilitatem prepositure et ecclesie nostre
1403 2791 6549 2930 non converse supradicte pecunie et omni alii iuris auxilio, quo iuvari possemus ad requirendum nostro vel prepositure nostre predicte nomine,
1390 2917 6581 3051 ab ipso domino Henrico vel heredibus et successoribus suis, eandem pecuniam in parte aliqua vel in toto, sed eam vendicionem per nos, prout
1418 3036 6543 3181 premissum est, communiter et de omnium nostrorum consilio et voluntate prefato domino Henrico et suis heredibus factam, ratam habere promittimus
1567 3158 6543 3294 atque firmam, promittentes contra ipsam de iure vel de facto vel alio quouismodo non venire, renunciantes etiam sponte et expresse
1414 3277 6515 3434 omni iuris tam canonici quam civilis, consuetudinis vel statuti seu alterius cuiuslibet iuris auxilio, quod nobis vel ecclesie nostre contra pre¬
1408 3405 6437 3561 dictam vendicionem competit vel posset aliqualiter suffragari. In cuius rei testimonium presentes litteras fieri ac nostrorum prepositi deca¬
1412 3531 6228 3682 ni, custodis ac scolastici necnon dominorum Hynconis, filii quondam Heymani de Duba, Pragensis prepositi, magistri Ulrici de Paby¬
1438 3653 6416 3796 anitz, Johannis Poloni, magistri Volguini canonicorum ac totius ecclesie nostre capituli sigillorum munimine fecimus roborari. Actum
1806 3778 5034 3898 et datum Prage II nonas Junii anno Domini millesimo trecentesimo vicesimo primo.
