<?xml version="1.0" encoding="UTF-8" standalone="yes"?>
<PcGts xmlns="http://schema.primaresearch.org/PAGE/gts/pagecontent/2013-07-15" xmlns:xsi="http://www.w3.org/2001/XMLSchema-instance" xsi:schemaLocation="http://schema.primaresearch.org/PAGE/gts/pagecontent/2013-07-15 http://schema.primaresearch.org/PAGE/gts/pagecontent/2013-07-15/pagecontent.xsd">
    <Metadata>
        <Creator>prov=University of Rostock/Institute of Mathematics/CITlab/Tobias Gruening/tobias.gruening@uni-rostock.de:name=/net_tf/LA73_249_0mod360.pb:de.uros.citlab.segmentation.CITlab_LA_ML:v=2.3.1
TRP</Creator>
        <Created>2019-06-17T15:29:49.588+02:00</Created>
        <LastChange>2020-01-08T08:54:02.023+01:00</LastChange>
        <TranskribusMetadata docId="173997" pageId="6613525" pageNr="1" tsid="22181632" status="IN_PROGRESS" userId="38723" imgUrl="https://files.transkribus.eu/Get?id=XHEBOBSXIJRMCSOIWMLPGYJQ&amp;fileType=view" xmlUrl="https://files.transkribus.eu/Get?id=NXEGKPGOIKPAOAOBNYQFXQVW" imageId="3978693"/>
    </Metadata>
    <Page imageFilename="NA-ACK_13280730_00131_r.jpg" imageWidth="7244" imageHeight="5463">
        <ReadingOrder>
            <OrderedGroup id="ro_1579618109178" caption="Regions reading order">
                <RegionRefIndexed index="0" regionRef="r1"/>
            </OrderedGroup>
        </ReadingOrder>
        <TextRegion orientation="0.0" id="r1" custom="readingOrder {index:0;}">
            <Coords points="638,604 642,3093 4997,3093 4997,610"/>
            <TextLine id="r1l1" custom="readingOrder {index:0;} person {offset:4; length:43;} place {offset:40; length:7;}">
                <Coords points="811,791 1013,794 1215,796 1417,796 1619,796 1821,795 2023,792 2226,790 2428,787 2630,784 2832,781 3034,778 3236,776 3438,774 3641,773 3843,772 4045,773 4247,776 4449,779 4651,784 4854,791 4854,727 4651,720 4449,715 4247,712 4045,709 3843,708 3641,709 3438,710 3236,712 3034,714 2832,717 2630,720 2428,723 2226,726 2023,728 1821,731 1619,732 1417,732 1215,732 1013,730 811,727"/>
                <Baseline points="811,770 1013,773 1215,775 1417,775 1619,775 1821,774 2023,771 2226,769 2428,766 2630,763 2832,760 3034,757 3236,755 3438,753 3641,752 3843,751 4045,752 4247,755 4449,758 4651,763 4854,770"/>
                <TextEquiv>
                    <Unicode>Wir Nyclas von Gotes genaden hertzog ze Troppaw veriehen und tun chunt allen den, die disen brief sehent oder horent lesen, daz wir</Unicode>
                </TextEquiv>
            </TextLine>
            <TextLine id="r1l2" custom="readingOrder {index:1;} person {offset:87; length:43;} place {offset:102; length:8;} place {offset:125; length:5;}">
                <Coords points="807,881 1009,886 1211,890 1413,892 1616,893 1818,892 2020,891 2222,889 2425,886 2627,883 2829,880 3031,876 3234,873 3436,871 3638,868 3840,867 4043,866 4245,867 4447,869 4649,873 4852,878 4852,815 4649,810 4447,806 4245,804 4043,803 3840,804 3638,805 3436,808 3234,810 3031,813 2829,817 2627,820 2425,823 2222,826 2020,828 1818,829 1616,830 1413,829 1211,827 1009,823 807,818"/>
                <Baseline points="807,860 1009,865 1211,869 1413,871 1616,872 1818,871 2020,870 2222,868 2425,865 2627,862 2829,859 3031,855 3234,852 3436,850 3638,847 3840,846 4043,845 4245,846 4447,848 4649,852 4852,857"/>
                <TextEquiv>
                    <Unicode>gelobt und gehaizzen haben, und recht purge sein worden des hochgeporn fürsten hertzog Heinrichen von Chernden und graven ze Tyrol,</Unicode>
                </TextEquiv>
            </TextLine>
            <TextLine id="r1l3" custom="readingOrder {index:2;}">
                <Coords points="807,963 1010,970 1214,975 1417,978 1621,980 1824,981 2028,981 2231,980 2435,978 2638,975 2842,973 3045,970 3249,967 3452,964 3656,961 3859,958 4063,957 4266,955 4470,955 4673,956 4877,959 4877,905 4673,902 4470,901 4266,901 4063,903 3859,904 3656,907 3452,910 3249,913 3045,916 2842,919 2638,921 2435,924 2231,926 2028,927 1824,927 1621,926 1417,924 1214,921 1010,916 807,909"/>
                <Baseline points="807,945 1010,952 1214,957 1417,960 1621,962 1824,963 2028,963 2231,962 2435,960 2638,957 2842,955 3045,952 3249,949 3452,946 3656,943 3859,940 4063,939 4266,937 4470,937 4673,938 4877,941"/>
                <TextEquiv>
                    <Unicode>gen in und gen allen sinen erben, ez sein son oder tochter umb viertzig tausent mark silbers prager gewigdez für unsern lieben herren</Unicode>
                </TextEquiv>
            </TextLine>
            <TextLine id="r1l4" custom="readingOrder {index:3;} person {offset:24; length:65;} place {offset:46; length:6;} place {offset:61; length:5;} place {offset:79; length:10;}">
                <Coords points="829,1055 1031,1061 1234,1065 1437,1069 1640,1071 1843,1072 2046,1072 2248,1071 2451,1070 2654,1068 2857,1065 3060,1062 3263,1058 3466,1055 3668,1051 3871,1047 4074,1044 4277,1040 4480,1037 4683,1034 4886,1032 4886,978 4683,980 4480,983 4277,986 4074,990 3871,993 3668,997 3466,1001 3263,1004 3060,1008 2857,1011 2654,1014 2451,1016 2248,1017 2046,1018 1843,1018 1640,1017 1437,1015 1234,1011 1031,1007 829,1001"/>
                <Baseline points="829,1037 1031,1043 1234,1047 1437,1051 1640,1053 1843,1054 2046,1054 2248,1053 2451,1052 2654,1050 2857,1047 3060,1044 3263,1040 3466,1037 3668,1033 3871,1029 4074,1026 4277,1022 4480,1019 4683,1016 4886,1014"/>
                <TextEquiv>
                    <Unicode>und hochgeporn fursten, chunigen Johansen von Beheim und von Polan und graf ze Lucemburch, der selben pfenning gevallent im</Unicode>
                </TextEquiv>
            </TextLine>
            <TextLine id="r1l5" custom="readingOrder {index:4;}">
                <Coords points="805,1154 1007,1159 1209,1163 1412,1166 1614,1168 1816,1168 2019,1169 2221,1168 2423,1167 2626,1165 2828,1162 3030,1159 3233,1156 3435,1152 3637,1148 3840,1144 4042,1139 4244,1135 4447,1131 4649,1127 4852,1122 4852,1055 4649,1060 4447,1064 4244,1068 4042,1072 3840,1077 3637,1081 3435,1085 3233,1089 3030,1092 2828,1095 2626,1098 2423,1100 2221,1101 2019,1102 1816,1101 1614,1101 1412,1099 1209,1096 1007,1092 805,1087"/>
                <Baseline points="805,1132 1007,1137 1209,1141 1412,1144 1614,1146 1816,1146 2019,1147 2221,1146 2423,1145 2626,1143 2828,1140 3030,1137 3233,1134 3435,1130 3637,1126 3840,1122 4042,1117 4244,1113 4447,1109 4649,1105 4852,1100"/>
                <TextEquiv>
                    <Unicode>zehen tausent mark zu unsers herren mumen. Dar nach gevallent im zwainzig tausent mark silbers des selben gewigdez für</Unicode>
                </TextEquiv>
            </TextLine>
            <TextLine id="r1l6" custom="readingOrder {index:5;} person {offset:14; length:37;}">
                <Coords points="817,1249 1019,1252 1222,1255 1425,1256 1628,1258 1830,1258 2033,1258 2236,1258 2439,1257 2641,1255 2844,1253 3047,1250 3250,1247 3452,1244 3655,1239 3858,1235 4061,1229 4263,1224 4466,1218 4669,1211 4872,1205 4872,1142 4669,1148 4466,1155 4263,1161 4061,1166 3858,1172 3655,1176 3452,1181 3250,1184 3047,1187 2844,1190 2641,1192 2439,1194 2236,1195 2033,1195 1830,1195 1628,1195 1425,1193 1222,1192 1019,1189 817,1186"/>
                <Baseline points="817,1228 1019,1231 1222,1234 1425,1235 1628,1237 1830,1237 2033,1237 2236,1237 2439,1236 2641,1234 2844,1232 3047,1229 3250,1226 3452,1223 3655,1218 3858,1214 4061,1208 4263,1203 4466,1197 4669,1190 4872,1184"/>
                <TextEquiv>
                    <Unicode>die haimstewr chunignine vrow Annen, seine wirtinne, der Got genade dar nach gevallent im zehen tausent mark silbers </Unicode>
                </TextEquiv>
            </TextLine>
            <TextLine id="r1l7" custom="readingOrder {index:6;} person {offset:54; length:27;} place {offset:75; length:6;} person {offset:101; length:24; continued:true;}">
                <Coords points="849,1343 1050,1347 1251,1351 1452,1353 1654,1355 1855,1356 2056,1356 2258,1355 2459,1354 2660,1352 2862,1349 3063,1345 3264,1342 3465,1337 3667,1332 3868,1326 4069,1320 4271,1313 4472,1306 4673,1298 4875,1290 4875,1227 4673,1235 4472,1243 4271,1250 4069,1257 3868,1263 3667,1269 3465,1274 3264,1279 3063,1282 2862,1286 2660,1289 2459,1291 2258,1292 2056,1293 1855,1293 1654,1292 1452,1290 1251,1288 1050,1284 849,1280"/>
                <Baseline points="849,1322 1050,1326 1251,1330 1452,1332 1654,1334 1855,1335 2056,1335 2258,1334 2459,1333 2660,1331 2862,1328 3063,1324 3264,1321 3465,1316 3667,1311 3868,1305 4069,1299 4271,1292 4472,1285 4673,1277 4875,1269"/>
                <TextEquiv>
                    <Unicode>prager münzze für den spruch, den im der würdig herre pyschof Heinrich von Tryend und der hochgeporn fürste hertzog Heinrich </Unicode>
                </TextEquiv>
            </TextLine>
            <TextLine id="r1l8" custom="readingOrder {index:7;} person {offset:0; length:37; continued:true;} place {offset:4; length:7;} place {offset:33; length:4;}">
                <Coords points="861,1446 1061,1448 1262,1450 1463,1451 1664,1452 1864,1452 2065,1451 2266,1450 2467,1447 2667,1445 2868,1441 3069,1438 3270,1433 3470,1428 3671,1423 3872,1417 4073,1410 4273,1403 4474,1396 4675,1388 4876,1379 4876,1313 4675,1322 4474,1330 4273,1337 4073,1344 3872,1351 3671,1357 3470,1362 3270,1367 3069,1372 2868,1375 2667,1379 2467,1381 2266,1384 2065,1385 1864,1386 1664,1386 1463,1385 1262,1384 1061,1382 861,1380"/>
                <Baseline points="861,1424 1061,1426 1262,1428 1463,1429 1664,1430 1864,1430 2065,1429 2266,1428 2467,1425 2667,1423 2868,1419 3069,1416 3270,1411 3470,1406 3671,1401 3872,1395 4073,1388 4273,1381 4474,1374 4675,1366 4876,1357"/>
                <TextEquiv>
                    <Unicode>von Bayeren und pfallent graf ze Rein hin zu gesprochen habent, als die hantfest sprechent, die unser payde herren gen ein</Unicode>
                </TextEquiv>
            </TextLine>
            <TextLine id="r1l9" custom="readingOrder {index:8;}">
                <Coords points="855,1550 1055,1547 1255,1546 1455,1544 1655,1543 1856,1542 2056,1541 2256,1540 2456,1538 2656,1536 2857,1534 3057,1531 3257,1527 3457,1522 3657,1517 3858,1509 4058,1502 4258,1492 4458,1481 4658,1468 4859,1454 4859,1388 4658,1402 4458,1415 4258,1426 4058,1436 3858,1443 3657,1451 3457,1456 3257,1461 3057,1465 2857,1468 2656,1470 2456,1472 2256,1474 2056,1475 1856,1476 1655,1477 1455,1478 1255,1480 1055,1481 855,1484"/>
                <Baseline points="855,1528 1055,1525 1255,1524 1455,1522 1655,1521 1856,1520 2056,1519 2256,1518 2456,1516 2656,1514 2857,1512 3057,1509 3257,1505 3457,1500 3657,1495 3858,1487 4058,1480 4258,1470 4458,1459 4658,1446 4859,1432"/>
                <TextEquiv>
                    <Unicode>ander dar umb geben habent der summe pringet also viertzig tausent mark prager münzze, der vorgenanten pfenning</Unicode>
                </TextEquiv>
            </TextLine>
            <TextLine id="r1l10" custom="readingOrder {index:9;}">
                <Coords points="873,1646 1071,1643 1269,1641 1467,1639 1665,1638 1863,1636 2061,1635 2259,1634 2457,1632 2655,1631 2853,1628 3051,1625 3249,1621 3447,1615 3645,1609 3843,1601 4041,1591 4239,1581 4437,1568 4635,1552 4833,1535 4833,1468 4635,1485 4437,1501 4239,1514 4041,1524 3843,1534 3645,1542 3447,1548 3249,1554 3051,1558 2853,1561 2655,1564 2457,1565 2259,1567 2061,1568 1863,1569 1665,1571 1467,1572 1269,1574 1071,1576 873,1579"/>
                <Baseline points="873,1624 1071,1621 1269,1619 1467,1617 1665,1616 1863,1614 2061,1613 2259,1612 2457,1610 2655,1609 2853,1606 3051,1603 3249,1599 3447,1593 3645,1587 3843,1579 4041,1569 4239,1559 4437,1546 4635,1530 4833,1513"/>
                <TextEquiv>
                    <Unicode>verhaizzen wir im ze geben uf sand Mychels tag, der schirst chumpt fünf tausent mark, dar nach aber von dem selben </Unicode>
                </TextEquiv>
            </TextLine>
            <TextLine id="r1l11" custom="readingOrder {index:10;}">
                <Coords points="872,1749 1072,1742 1273,1735 1473,1731 1674,1727 1875,1725 2075,1723 2276,1721 2477,1719 2677,1717 2878,1715 3079,1712 3279,1708 3480,1704 3681,1697 3881,1689 4082,1680 4283,1667 4483,1653 4684,1636 4885,1616 4885,1552 4684,1572 4483,1589 4283,1603 4082,1616 3881,1625 3681,1633 3480,1640 3279,1644 3079,1648 2878,1651 2677,1653 2477,1655 2276,1657 2075,1659 1875,1661 1674,1663 1473,1667 1273,1671 1072,1678 872,1685"/>
                <Baseline points="872,1728 1072,1721 1273,1714 1473,1710 1674,1706 1875,1704 2075,1702 2276,1700 2477,1698 2677,1696 2878,1694 3079,1691 3279,1687 3480,1683 3681,1676 3881,1668 4082,1659 4283,1646 4483,1632 4684,1615 4885,1595"/>
                <TextEquiv>
                    <Unicode>sand Michels tag uber ein jar zehen tausent mark, dar nach aber von dem selben sand Michels tag uber ein jar zehen </Unicode>
                </TextEquiv>
            </TextLine>
            <TextLine id="r1l12" custom="readingOrder {index:11;}">
                <Coords points="846,1850 1047,1840 1249,1833 1450,1826 1652,1821 1854,1817 2055,1814 2257,1811 2459,1809 2660,1807 2862,1804 3064,1801 3265,1797 3467,1792 3669,1785 3870,1777 4072,1767 4274,1755 4475,1741 4677,1724 4879,1704 4879,1640 4677,1660 4475,1677 4274,1691 4072,1703 3870,1713 3669,1721 3467,1728 3265,1733 3064,1737 2862,1740 2660,1743 2459,1745 2257,1747 2055,1750 1854,1753 1652,1757 1450,1762 1249,1769 1047,1776 846,1786"/>
                <Baseline points="846,1829 1047,1819 1249,1812 1450,1805 1652,1800 1854,1796 2055,1793 2257,1790 2459,1788 2660,1786 2862,1783 3064,1780 3265,1776 3467,1771 3669,1764 3870,1756 4072,1746 4274,1734 4475,1720 4677,1703 4879,1683"/>
                <TextEquiv>
                    <Unicode>tausend mark, dar nach aber von dem selben sand Michels tag uber ein jar zehen tausent mark, dar nach aber von </Unicode>
                </TextEquiv>
            </TextLine>
            <TextLine id="r1l13" custom="readingOrder {index:12;}">
                <Coords points="846,1945 1044,1934 1242,1926 1441,1920 1639,1915 1838,1911 2036,1908 2235,1906 2433,1904 2632,1902 2830,1899 3028,1896 3227,1892 3425,1887 3624,1880 3822,1871 4021,1861 4219,1847 4418,1831 4616,1811 4815,1788 4815,1721 4616,1744 4418,1764 4219,1780 4021,1794 3822,1804 3624,1813 3425,1820 3227,1825 3028,1829 2830,1832 2632,1835 2433,1837 2235,1839 2036,1841 1838,1844 1639,1848 1441,1853 1242,1859 1044,1867 846,1878"/>
                <Baseline points="846,1923 1044,1912 1242,1904 1441,1898 1639,1893 1838,1889 2036,1886 2235,1884 2433,1882 2632,1880 2830,1877 3028,1874 3227,1870 3425,1865 3624,1858 3822,1849 4021,1839 4219,1825 4418,1809 4616,1789 4815,1766"/>
                <TextEquiv>
                    <Unicode>dem selben sand Michels tag uber ein jar funf tausent mark, daz werdent also vierzig tausent mark mit sogetanem </Unicode>
                </TextEquiv>
            </TextLine>
            <TextLine id="r1l14" custom="readingOrder {index:13;}">
                <Coords points="861,2034 1061,2025 1262,2017 1463,2010 1664,2005 1865,2002 2066,1999 2267,1996 2468,1993 2669,1991 2870,1988 3070,1984 3271,1980 3472,1973 3673,1966 3874,1957 4075,1946 4276,1933 4477,1917 4678,1898 4879,1877 4879,1811 4678,1832 4477,1851 4276,1867 4075,1880 3874,1891 3673,1900 3472,1907 3271,1914 3070,1918 2870,1922 2669,1925 2468,1927 2267,1930 2066,1933 1865,1936 1664,1939 1463,1944 1262,1951 1061,1959 861,1968"/>
                <Baseline points="861,2012 1061,2003 1262,1995 1463,1988 1664,1983 1865,1980 2066,1977 2267,1974 2468,1971 2669,1969 2870,1966 3070,1962 3271,1958 3472,1951 3673,1944 3874,1935 4075,1924 4276,1911 4477,1895 4678,1876 4879,1855"/>
                <TextEquiv>
                    <Unicode>geding zu swelcher vrist man im oder sein erben, die vorgenanten phonning nicht gebe, so hat er oder sein erben gewalt </Unicode>
                </TextEquiv>
            </TextLine>
            <TextLine id="r1l15" custom="readingOrder {index:14;}">
                <Coords points="854,2122 1056,2114 1259,2107 1461,2102 1664,2098 1867,2094 2069,2091 2272,2088 2475,2086 2677,2083 2880,2079 3083,2075 3285,2070 3488,2064 3691,2057 3893,2047 4096,2035 4299,2021 4501,2005 4704,1986 4907,1964 4907,1904 4704,1926 4501,1945 4299,1961 4096,1975 3893,1987 3691,1997 3488,2004 3285,2010 3083,2015 2880,2019 2677,2023 2475,2026 2272,2028 2069,2031 1867,2034 1664,2038 1461,2042 1259,2047 1056,2054 854,2062"/>
                <Baseline points="854,2102 1056,2094 1259,2087 1461,2082 1664,2078 1867,2074 2069,2071 2272,2068 2475,2066 2677,2063 2880,2059 3083,2055 3285,2050 3488,2044 3691,2037 3893,2027 4096,2015 4299,2001 4501,1985 4704,1966 4907,1944"/>
                <TextEquiv>
                    <Unicode>uns ze manen, nach der vrist und sullen danne nach der mannig in den nechsten viertzehen tagen mit unser selbes leibe ein</Unicode>
                </TextEquiv>
            </TextLine>
            <TextLine id="r1l16" custom="readingOrder {index:15;} place {offset:52; length:11;}">
                <Coords points="848,2218 1050,2208 1253,2200 1456,2194 1659,2189 1862,2186 2065,2183 2268,2181 2471,2179 2674,2177 2877,2174 3079,2171 3282,2166 3485,2160 3688,2152 3891,2142 4094,2129 4297,2113 4500,2095 4703,2072 4906,2046 4906,1986 4703,2012 4500,2035 4297,2053 4094,2069 3891,2082 3688,2092 3485,2100 3282,2106 3079,2111 2877,2114 2674,2117 2471,2119 2268,2121 2065,2123 1862,2126 1659,2129 1456,2134 1253,2140 1050,2148 848,2158"/>
                <Baseline points="848,2198 1050,2188 1253,2180 1456,2174 1659,2169 1862,2166 2065,2163 2268,2161 2471,2159 2674,2157 2877,2154 3079,2151 3282,2146 3485,2140 3688,2132 3891,2122 4094,2109 4297,2093 4500,2075 4703,2052 4906,2026"/>
                <TextEquiv>
                    <Unicode>varen oder zwen ritter an unser stat ein senden gen Regenspurch in der stat und sullen da leisten in gryselweis und  </Unicode>
                </TextEquiv>
            </TextLine>
            <TextLine id="r1l17" custom="readingOrder {index:16;}">
                <Coords points="846,2327 1046,2314 1247,2304 1448,2296 1649,2289 1850,2285 2051,2282 2251,2279 2452,2278 2653,2275 2854,2273 3055,2270 3256,2266 3457,2261 3657,2253 3858,2243 4059,2230 4260,2215 4461,2196 4662,2173 4863,2146 4863,2080 4662,2107 4461,2130 4260,2149 4059,2164 3858,2177 3657,2187 3457,2195 3256,2200 3055,2204 2854,2207 2653,2209 2452,2212 2251,2213 2051,2216 1850,2219 1649,2223 1448,2230 1247,2238 1046,2248 846,2261"/>
                <Baseline points="846,2305 1046,2292 1247,2282 1448,2274 1649,2267 1850,2263 2051,2260 2251,2257 2452,2256 2653,2253 2854,2251 3055,2248 3256,2244 3457,2239 3657,2231 3858,2221 4059,2208 4260,2193 4461,2174 4662,2151 4863,2124"/>
                <TextEquiv>
                    <Unicode>minnen aus chomen als lang, untz daz im widerchert wirt der pruch, der im an der gült der phenning widervaren ist. Wir </Unicode>
                </TextEquiv>
            </TextLine>
            <TextLine id="r1l18" custom="readingOrder {index:17;}">
                <Coords points="848,2416 1048,2405 1249,2395 1449,2388 1650,2383 1850,2379 2051,2375 2251,2373 2452,2371 2652,2368 2853,2366 3054,2362 3254,2358 3455,2352 3655,2344 3856,2334 4056,2322 4257,2307 4457,2288 4658,2266 4859,2240 4859,2174 4658,2200 4457,2222 4257,2241 4056,2256 3856,2268 3655,2278 3455,2286 3254,2292 3054,2296 2853,2300 2652,2302 2452,2305 2251,2307 2051,2309 1850,2313 1650,2317 1449,2322 1249,2329 1048,2339 848,2350"/>
                <Baseline points="848,2394 1048,2383 1249,2373 1449,2366 1650,2361 1850,2357 2051,2353 2251,2351 2452,2349 2652,2346 2853,2344 3054,2340 3254,2336 3455,2330 3655,2322 3856,2312 4056,2300 4257,2285 4457,2266 4658,2244 4859,2218"/>
                <TextEquiv>
                    <Unicode>sullen auch als lang leysten, uncz daz er oder sein erben der phenning gar und gentzlichen gewert werdent, dar an in pruche </Unicode>
                </TextEquiv>
            </TextLine>
            <TextLine id="r1l19" custom="readingOrder {index:18;}">
                <Coords points="846,2510 1045,2501 1244,2493 1443,2487 1642,2481 1841,2477 2040,2473 2239,2469 2438,2466 2637,2462 2836,2458 3035,2453 3234,2447 3433,2440 3632,2432 3831,2421 4030,2408 4229,2393 4428,2375 4627,2355 4827,2330 4827,2263 4627,2288 4428,2308 4229,2326 4030,2341 3831,2354 3632,2365 3433,2373 3234,2380 3035,2386 2836,2391 2637,2395 2438,2399 2239,2402 2040,2406 1841,2410 1642,2414 1443,2420 1244,2426 1045,2434 846,2443"/>
                <Baseline points="846,2488 1045,2479 1244,2471 1443,2465 1642,2459 1841,2455 2040,2451 2239,2447 2438,2444 2637,2440 2836,2436 3035,2431 3234,2425 3433,2418 3632,2410 3831,2399 4030,2386 4229,2371 4428,2353 4627,2333 4827,2308"/>
                <TextEquiv>
                    <Unicode>geschehen sint. Wir sulen auch auz der leystung oder die vorgenanten unser ritter nimer chomen, ez gevalte et cetera, daz gut allez</Unicode>
                </TextEquiv>
            </TextLine>
            <TextLine id="r1l20" custom="readingOrder {index:19;} place {offset:33; length:11;}">
                <Coords points="862,2608 1072,2597 1282,2587 1493,2580 1703,2574 1914,2569 2124,2564 2335,2560 2545,2556 2756,2552 2966,2547 3177,2541 3387,2535 3598,2526 3808,2516 4019,2503 4229,2488 4440,2470 4650,2450 4861,2425 4861,2358 4650,2383 4440,2403 4229,2421 4019,2436 3808,2449 3598,2459 3387,2468 3177,2474 2966,2480 2756,2485 2545,2489 2335,2493 2124,2497 1914,2502 1703,2507 1493,2513 1282,2520 1072,2530 862,2541"/>
                <Baseline points="862,2586 1072,2575 1282,2565 1493,2558 1703,2552 1914,2547 2124,2542 2335,2538 2545,2534 2756,2530 2966,2525 3177,2519 3387,2513 3598,2504 3808,2494 4019,2481 4229,2466 4440,2448 4650,2428 4861,2403"/>
                <TextEquiv>
                    <Unicode>da prüche an geschehen, wern gen Regenspurch in der stat, wa er oder sein erben oder ir gewizze poten sie hin schaffen ze geben </Unicode>
                </TextEquiv>
            </TextLine>
            <TextLine id="r1l21" custom="readingOrder {index:20;}">
                <Coords points="853,2697 1052,2687 1251,2680 1451,2673 1650,2668 1850,2663 2049,2659 2248,2655 2448,2652 2647,2648 2847,2643 3046,2639 3245,2633 3445,2626 3644,2617 3844,2606 4043,2594 4242,2579 4442,2561 4641,2541 4841,2517 4841,2450 4641,2474 4442,2494 4242,2512 4043,2527 3844,2539 3644,2550 3445,2559 3245,2566 3046,2572 2847,2576 2647,2581 2448,2585 2248,2588 2049,2592 1850,2596 1650,2601 1451,2606 1251,2613 1052,2620 853,2630"/>
                <Baseline points="853,2675 1052,2665 1251,2658 1451,2651 1650,2646 1850,2641 2049,2637 2248,2633 2448,2630 2647,2626 2847,2621 3046,2617 3245,2611 3445,2604 3644,2595 3844,2584 4043,2572 4242,2557 4442,2539 4641,2519 4841,2495"/>
                <TextEquiv>
                    <Unicode>und ze antwurten. Dise vorgeschriben sache lob wir stat ze haben bei unsern trewen an aides stat, und als wir zu den heyligen swe¬</Unicode>
                </TextEquiv>
            </TextLine>
            <TextLine id="r1l22" custom="readingOrder {index:21;}">
                <Coords points="835,2787 1033,2782 1231,2776 1430,2771 1628,2766 1827,2762 2025,2757 2223,2752 2422,2747 2620,2742 2819,2736 3017,2729 3215,2721 3414,2713 3612,2703 3811,2693 4009,2680 4207,2667 4406,2652 4604,2635 4803,2616 4803,2549 4604,2568 4406,2585 4207,2600 4009,2613 3811,2626 3612,2636 3414,2646 3215,2654 3017,2662 2819,2669 2620,2675 2422,2680 2223,2685 2025,2690 1827,2695 1628,2699 1430,2704 1231,2709 1033,2715 835,2720"/>
                <Baseline points="835,2765 1033,2760 1231,2754 1430,2749 1628,2744 1827,2740 2025,2735 2223,2730 2422,2725 2620,2720 2819,2714 3017,2707 3215,2699 3414,2691 3612,2681 3811,2671 4009,2658 4207,2645 4406,2630 4604,2613 4803,2594"/>
                <TextEquiv>
                    <Unicode>ren sullen und geben, dar uber disen brief, versigelt mit unsern insigel zu einem urchund der warheit. Der brief ist gegeben </Unicode>
                </TextEquiv>
            </TextLine>
            <TextLine id="r1l23" custom="readingOrder {index:22;} place {offset:3; length:6;} date {offset:23; length:94; continued:true;year:0; day:0; month:0;}">
                <Coords points="825,2879 1027,2873 1229,2869 1431,2864 1634,2859 1836,2854 2038,2850 2241,2845 2443,2840 2645,2834 2848,2828 3050,2821 3252,2813 3454,2805 3657,2795 3859,2784 4061,2772 4264,2759 4466,2744 4668,2727 4871,2709 4871,2642 4668,2660 4466,2677 4264,2692 4061,2705 3859,2717 3657,2728 3454,2738 3252,2746 3050,2754 2848,2761 2645,2767 2443,2773 2241,2778 2038,2783 1836,2787 1634,2792 1431,2797 1229,2802 1027,2806 825,2812"/>
                <Baseline points="825,2857 1027,2851 1229,2847 1431,2842 1634,2837 1836,2832 2038,2828 2241,2823 2443,2818 2645,2812 2848,2806 3050,2799 3252,2791 3454,2783 3657,2773 3859,2762 4061,2750 4264,2737 4466,2722 4668,2705 4871,2687"/>
                <TextEquiv>
                    <Unicode>ze Brunne, da man zalt von Cristes gepurt dreutzehenhundert jar, dar nach in dem acht und zwainzigstem jar, des sunne¬</Unicode>
                </TextEquiv>
            </TextLine>
            <TextLine id="r1l24" custom="readingOrder {index:23;} date {offset:0; length:27; continued:true;year:0; day:0; month:0;}">
                <Coords points="839,2975 894,2973 950,2972 1005,2969 1061,2967 1117,2965 1172,2962 1228,2960 1283,2958 1339,2955 1395,2953 1450,2952 1506,2949 1561,2948 1617,2947 1673,2947 1728,2948 1784,2949 1839,2950 1895,2952 1951,2955 1951,2888 1895,2885 1839,2883 1784,2882 1728,2881 1673,2880 1617,2880 1561,2881 1506,2882 1450,2885 1395,2886 1339,2888 1283,2891 1228,2893 1172,2895 1117,2898 1061,2900 1005,2902 950,2905 894,2906 839,2908"/>
                <Baseline points="839,2953 894,2951 950,2950 1005,2947 1061,2945 1117,2943 1172,2940 1228,2938 1283,2936 1339,2933 1395,2931 1450,2930 1506,2927 1561,2926 1617,2925 1673,2925 1728,2926 1784,2927 1839,2928 1895,2930 1951,2933"/>
                <TextEquiv>
                    <Unicode>abents nach sand Jacobs tag.</Unicode>
                </TextEquiv>
            </TextLine>
            <TextEquiv>
                <Unicode>Wir Nyclas von Gotes genaden hertzog ze Troppaw veriehen und tun chunt allen den, die disen brief sehent oder horent lesen, daz wir&#xD;
gelobt und gehaizzen haben, und recht purge sein worden des hochgeporn fürsten hertzog Heinrichen von Chernden und graven ze Tyrol,&#xD;
gen in und gen allen sinen erben, ez sein son oder tochter umb viertzig tausent mark silbers prager gewigdez für unsern lieben herren&#xD;
und hochgeporn fursten, chunigen Johansen von Beheim und von Polan und graf ze Lucemburch, der selben pfenning gevallent im&#xD;
zehen tausent mark zu unsers herren mumen. Dar nach gevallent im zwainzig tausent mark silbers des selben gewigdez für&#xD;
die haimstewr chunignine vrow Annen, seine wirtinne, der Got genade dar nach gevallent im zehen tausent mark silbers &#xD;
prager münzze für den spruch, den im der würdig herre pyschof Heinrich von Tryend und der hochgeporn fürste hertzog Heinrich &#xD;
von Bayeren und pfallent graf ze Rein hin zu gesprochen habent, als die hantfest sprechent, die unser payde herren gen ein&#xD;
ander dar umb geben habent der summe pringet also viertzig tausent mark prager münzze, der vorgenanten pfenning&#xD;
verhaizzen wir im ze geben uf sand Mychels tag, der schirst chumpt fünf tausent mark, dar nach aber von dem selben &#xD;
sand Michels tag uber ein jar zehen tausent mark, dar nach aber von dem selben sand Michels tag uber ein jar zehen &#xD;
tausend mark, dar nach aber von dem selben sand Michels tag uber ein jar zehen tausent mark, dar nach aber von &#xD;
dem selben sand Michels tag uber ein jar funf tausent mark, daz werdent also vierzig tausent mark mit sogetanem &#xD;
geding zu swelcher vrist man im oder sein erben, die vorgenanten phonning nicht gebe, so hat er oder sein erben gewalt &#xD;
uns ze manen, nach der vrist und sullen danne nach der mannig in den nechsten viertzehen tagen mit unser selbes leibe ein&#xD;
varen oder zwen ritter an unser stat ein senden gen Regenspurch in der stat und sullen da leisten in gryselweis und  &#xD;
minnen aus chomen als lang, untz daz im widerchert wirt der pruch, der im an der gült der phenning widervaren ist. Wir &#xD;
sullen auch als lang leysten, uncz daz er oder sein erben der phenning gar und gentzlichen gewert werdent, dar an in pruche &#xD;
geschehen sint. Wir sulen auch auz der leystung oder die vorgenanten unser ritter nimer chomen, ez gevalte et cetera, daz gut allez&#xD;
da prüche an geschehen, wern gen Regenspurch in der stat, wa er oder sein erben oder ir gewizze poten sie hin schaffen ze geben &#xD;
und ze antwurten. Dise vorgeschriben sache lob wir stat ze haben bei unsern trewen an aides stat, und als wir zu den heyligen swe¬&#xD;
ren sullen und geben, dar uber disen brief, versigelt mit unsern insigel zu einem urchund der warheit. Der brief ist gegeben &#xD;
ze Brunne, da man zalt von Cristes gepurt dreutzehenhundert jar, dar nach in dem acht und zwainzigstem jar, des sunne¬&#xD;
abents nach sand Jacobs tag.</Unicode>
            </TextEquiv>
        </TextRegion>
    </Page>
</PcGts>
