<?xml version="1.0" encoding="UTF-8" standalone="yes"?>
<PcGts xmlns="http://schema.primaresearch.org/PAGE/gts/pagecontent/2013-07-15" xmlns:xsi="http://www.w3.org/2001/XMLSchema-instance" xsi:schemaLocation="http://schema.primaresearch.org/PAGE/gts/pagecontent/2013-07-15 http://schema.primaresearch.org/PAGE/gts/pagecontent/2013-07-15/pagecontent.xsd">
    <Metadata>
        <Creator>prov=University of Rostock/Institute of Mathematics/CITlab/Tobias Gruening/tobias.gruening@uni-rostock.de:name=/net_tf/LA73_249_0mod360.pb:de.uros.citlab.segmentation.CITlab_LA_ML:v=2.3.1
TRP</Creator>
        <Created>2019-07-30T11:37:06.560+02:00</Created>
        <LastChange>2019-11-14T12:22:05.819+01:00</LastChange>
        <TranskribusMetadata docId="189653" pageId="7502256" pageNr="1" tsid="19364858" status="IN_PROGRESS" userId="38723" imgUrl="https://files.transkribus.eu/Get?id=XNBVFTTCQAUXKCMUNMKTWUCI&amp;fileType=view" xmlUrl="https://files.transkribus.eu/Get?id=DQIJHKLBDSRWSPMCYBDDCOUR" imageId="4515400"/>
    </Metadata>
    <Page imageFilename="NA-ACK_13571116_00623_r.jpg" imageWidth="7938" imageHeight="5762">
        <ReadingOrder>
            <OrderedGroup id="ro_1579618147474" caption="Regions reading order">
                <RegionRefIndexed index="0" regionRef="r1"/>
                <RegionRefIndexed index="1" regionRef="region_1564479753387_27"/>
            </OrderedGroup>
        </ReadingOrder>
        <TextRegion orientation="0.0" id="r1" custom="readingOrder {index:0;}">
            <Coords points="1677,1305 1677,3108 5516,3089 5510,1317"/>
            <TextLine id="r1l1" custom="readingOrder {index:0;} person {offset:4; length:6;} person {offset:15; length:42;} place {offset:47; length:10;}">
                <Coords points="1866,1683 2122,1667 2290,1668 2458,1669 2626,1669 2795,1670 2963,1670 3131,1670 3299,1671 3467,1671 3636,1672 3804,1672 3972,1673 4140,1673 4308,1674 4477,1675 4645,1676 4813,1677 4981,1679 5149,1680 5318,1682 5321,1538 5151,1532 4987,1532 4817,1532 4627,1538 4489,1532 4318,1538 4154,1532 3965,1532 3820,1525 3656,1525 3486,1519 3316,1519 3146,1519 2982,1519 2799,1525 2622,1525 2471,1525 2168,1519 2162,1355 1866,1355"/>
                <Baseline points="1954,1641 2122,1641 2290,1642 2458,1643 2626,1643 2795,1644 2963,1644 3131,1644 3299,1645 3467,1645 3636,1646 3804,1646 3972,1647 4140,1647 4308,1648 4477,1649 4645,1650 4813,1651 4981,1653 5149,1654 5318,1656"/>
                <TextEquiv>
                    <Unicode>Wir Ulrich und Johans gebruder, lantgraven vom Lutenberge, bekennen und tun kunt offenlich mit diesem brief</Unicode>
                </TextEquiv>
            </TextLine>
            <TextLine id="r1l2" custom="readingOrder {index:1;}">
                <Coords points="1885,1759 2057,1764 2230,1768 2402,1772 2575,1775 2748,1777 2920,1778 3093,1779 3265,1780 3438,1781 3611,1781 3783,1781 3956,1781 4128,1781 4301,1781 4474,1782 4646,1783 4819,1784 4991,1786 5164,1789 5337,1792 5337,1713 5164,1710 4991,1707 4819,1705 4646,1704 4474,1703 4301,1702 4128,1702 3956,1702 3783,1702 3611,1702 3438,1702 3265,1701 3093,1700 2920,1699 2748,1698 2575,1696 2402,1693 2230,1689 2057,1685 1885,1680"/>
                <Baseline points="1885,1733 2057,1738 2230,1742 2402,1746 2575,1749 2748,1751 2920,1752 3093,1753 3265,1754 3438,1755 3611,1755 3783,1755 3956,1755 4128,1755 4301,1755 4474,1756 4646,1757 4819,1758 4991,1760 5164,1763 5337,1766"/>
                <TextEquiv>
                    <Unicode>allen den, die yn sehen odir horen lesen, daz wir mit samter hant, wollbedacht und mit rad unser frunde recht und </Unicode>
                </TextEquiv>
            </TextLine>
            <TextLine id="r1l3" custom="readingOrder {index:2;} person {offset:88; length:16; continued:true;}">
                <Coords points="1873,1864 2044,1865 2216,1866 2388,1868 2559,1869 2731,1869 2903,1870 3074,1871 3246,1871 3418,1872 3590,1873 3761,1873 3933,1874 4105,1875 4276,1875 4448,1877 4620,1878 4791,1879 4963,1880 5135,1882 5307,1884 5307,1815 5135,1813 4963,1811 4791,1810 4620,1809 4448,1808 4276,1806 4105,1806 3933,1805 3761,1804 3590,1804 3418,1803 3246,1802 3074,1802 2903,1801 2731,1800 2559,1800 2388,1799 2216,1797 2044,1796 1873,1795"/>
                <Baseline points="1873,1841 2044,1842 2216,1843 2388,1845 2559,1846 2731,1846 2903,1847 3074,1848 3246,1848 3418,1849 3590,1850 3761,1850 3933,1851 4105,1852 4276,1852 4448,1854 4620,1855 4791,1856 4963,1857 5135,1859 5307,1861"/>
                <TextEquiv>
                    <Unicode>redlich verkouft haben dem allirdurchluchtigistem fursten, unsirm genedigen herren hern Karl, Romischem </Unicode>
                </TextEquiv>
            </TextLine>
            <TextLine id="r1l4" custom="readingOrder {index:3;} person {offset:0; length:26; continued:true;} place {offset:20; length:6;} place {offset:65; length:6;}">
                <Coords points="1896,1971 2066,1970 2236,1969 2406,1969 2576,1969 2746,1970 2916,1972 3086,1973 3256,1974 3426,1976 3597,1977 3767,1979 3937,1980 4107,1981 4277,1981 4447,1981 4617,1980 4787,1978 4957,1976 5127,1973 5298,1969 5298,1905 5127,1909 4957,1912 4787,1914 4617,1916 4447,1917 4277,1917 4107,1917 3937,1916 3767,1915 3597,1913 3426,1912 3256,1910 3086,1909 2916,1908 2746,1906 2576,1905 2406,1905 2236,1905 2066,1906 1896,1907"/>
                <Baseline points="1896,1950 2066,1949 2236,1948 2406,1948 2576,1948 2746,1949 2916,1951 3086,1952 3256,1953 3426,1955 3597,1956 3767,1958 3937,1959 4107,1960 4277,1960 4447,1960 4617,1959 4787,1957 4957,1955 5127,1952 5298,1948"/>
                <TextEquiv>
                    <Unicode>keiser und kunig zu Beheim, sinen erben und nachkomen kunigen zu Beheim und der cronen desselben </Unicode>
                </TextEquiv>
            </TextLine>
            <TextLine id="r1l5" custom="readingOrder {index:4;} place {offset:13; length:6;} place {offset:41; length:8;}">
                <Coords points="1894,2081 2065,2074 2236,2070 2407,2067 2579,2065 2750,2064 2921,2063 3093,2064 3264,2066 3435,2067 3607,2069 3778,2071 3949,2073 4120,2075 4292,2076 4463,2077 4634,2077 4806,2076 4977,2074 5148,2071 5320,2067 5320,2001 5148,2005 4977,2008 4806,2010 4634,2011 4463,2011 4292,2010 4120,2009 3949,2007 3778,2005 3607,2003 3435,2001 3264,2000 3093,1998 2921,1997 2750,1998 2579,1999 2407,2001 2236,2004 2065,2008 1894,2015"/>
                <Baseline points="1894,2059 2065,2052 2236,2048 2407,2045 2579,2043 2750,2042 2921,2041 3093,2042 3264,2044 3435,2045 3607,2047 3778,2049 3949,2051 4120,2053 4292,2054 4463,2055 4634,2055 4806,2054 4977,2052 5148,2049 5320,2045"/>
                <TextEquiv>
                    <Unicode>kungrichs zu Beheim, die stat und vesten Pegenicz, die unsir frei eigen ist, mit leut, gut, gult, gevelle und </Unicode>
                </TextEquiv>
            </TextLine>
            <TextLine id="r1l6" custom="readingOrder {index:5;} person {offset:64; length:13;}">
                <Coords points="1888,2175 2057,2170 2227,2167 2397,2164 2567,2162 2737,2161 2906,2160 3076,2160 3246,2160 3416,2161 3586,2162 3755,2164 3925,2165 4095,2166 4265,2168 4435,2169 4604,2170 4774,2171 4944,2172 5114,2172 5284,2171 5284,2104 5114,2105 4944,2105 4774,2104 4604,2103 4435,2102 4265,2101 4095,2099 3925,2098 3755,2097 3586,2095 3416,2094 3246,2093 3076,2093 2906,2093 2737,2094 2567,2095 2397,2097 2227,2100 2057,2103 1888,2108"/>
                <Baseline points="1888,2153 2057,2148 2227,2145 2397,2142 2567,2140 2737,2139 2906,2138 3076,2138 3246,2138 3416,2139 3586,2140 3755,2142 3925,2143 4095,2144 4265,2146 4435,2147 4604,2148 4774,2149 4944,2150 5114,2150 5284,2149"/>
                <TextEquiv>
                    <Unicode>alle ir zugehorung und dar zu den hof vor der stat, den wir von Herman Storen kynden kauft haben, und ey¬</Unicode>
                </TextEquiv>
            </TextLine>
            <TextLine id="r1l7" custom="readingOrder {index:6;} place {offset:18; length:7;} person {offset:43; length:21;}">
                <Coords points="1883,2262 2054,2259 2225,2257 2396,2255 2567,2254 2738,2253 2909,2252 3080,2252 3251,2253 3422,2253 3593,2254 3764,2255 3935,2257 4106,2258 4277,2260 4448,2262 4619,2264 4790,2266 4961,2268 5132,2270 5303,2272 5303,2217 5132,2215 4961,2213 4790,2211 4619,2209 4448,2207 4277,2205 4106,2203 3935,2202 3764,2200 3593,2199 3422,2198 3251,2198 3080,2197 2909,2197 2738,2198 2567,2199 2396,2200 2225,2202 2054,2204 1883,2207"/>
                <Baseline points="1883,2244 2054,2241 2225,2239 2396,2237 2567,2236 2738,2235 2909,2234 3080,2234 3251,2235 3422,2235 3593,2236 3764,2237 3935,2239 4106,2240 4277,2242 4448,2244 4619,2246 4790,2248 4961,2250 5132,2252 5303,2254"/>
                <TextEquiv>
                    <Unicode>nen andirn hof zu Buchach, der gewesen ist Johans Frankenbergers, und daz vieschewazzer, doselbes mit allen nut¬</Unicode>
                </TextEquiv>
            </TextLine>
            <TextLine id="r1l8" custom="readingOrder {index:7;}">
                <Coords points="1872,2360 2043,2360 2215,2359 2386,2359 2558,2359 2729,2359 2901,2359 3072,2360 3244,2360 3415,2360 3587,2360 3758,2360 3930,2359 4101,2359 4273,2358 4444,2357 4616,2356 4787,2354 4959,2352 5130,2349 5302,2347 5302,2292 5130,2294 4959,2297 4787,2299 4616,2301 4444,2302 4273,2303 4101,2304 3930,2304 3758,2305 3587,2305 3415,2305 3244,2305 3072,2305 2901,2304 2729,2304 2558,2304 2386,2304 2215,2304 2043,2305 1872,2305"/>
                <Baseline points="1872,2342 2043,2342 2215,2341 2386,2341 2558,2341 2729,2341 2901,2341 3072,2342 3244,2342 3415,2342 3587,2342 3758,2342 3930,2341 4101,2341 4273,2340 4444,2339 4616,2338 4787,2336 4959,2334 5130,2331 5302,2329"/>
                <TextEquiv>
                    <Unicode>zen und zugehorungen umb neun hundirt schok grosser prager muncz und werung, die unsir herre der </Unicode>
                </TextEquiv>
            </TextLine>
            <TextLine id="r1l9" custom="readingOrder {index:8;} place {offset:20; length:6;}">
                <Coords points="1896,2478 2068,2476 2240,2475 2413,2474 2585,2473 2758,2472 2930,2471 3102,2470 3275,2470 3447,2469 3620,2468 3792,2468 3964,2467 4137,2466 4309,2465 4482,2464 4654,2463 4826,2461 4999,2460 5171,2458 5344,2455 5344,2385 5171,2388 4999,2390 4826,2391 4654,2393 4482,2394 4309,2395 4137,2396 3964,2397 3792,2398 3620,2398 3447,2399 3275,2400 3102,2400 2930,2401 2758,2402 2585,2403 2413,2404 2240,2405 2068,2406 1896,2408"/>
                <Baseline points="1896,2455 2068,2453 2240,2452 2413,2451 2585,2450 2758,2449 2930,2448 3102,2447 3275,2447 3447,2446 3620,2445 3792,2445 3964,2444 4137,2443 4309,2442 4482,2441 4654,2440 4826,2438 4999,2437 5171,2435 5344,2432"/>
                <TextEquiv>
                    <Unicode>keiser und kunig zu Beheim uns an bereitem gelt und pfennigen bezalt geben und gewert hat, und wir die¬</Unicode>
                </TextEquiv>
            </TextLine>
            <TextLine id="r1l10" custom="readingOrder {index:9;}">
                <Coords points="1902,2578 2072,2576 2243,2574 2414,2573 2585,2571 2756,2570 2927,2569 3098,2567 3269,2566 3440,2565 3611,2564 3781,2563 3952,2562 4123,2562 4294,2561 4465,2560 4636,2560 4807,2559 4978,2559 5149,2558 5320,2557 5320,2487 5149,2488 4978,2489 4807,2489 4636,2490 4465,2490 4294,2491 4123,2492 3952,2492 3781,2493 3611,2494 3440,2495 3269,2496 3098,2497 2927,2499 2756,2500 2585,2501 2414,2503 2243,2504 2072,2506 1902,2508"/>
                <Baseline points="1902,2555 2072,2553 2243,2551 2414,2550 2585,2548 2756,2547 2927,2546 3098,2544 3269,2543 3440,2542 3611,2541 3781,2540 3952,2539 4123,2539 4294,2538 4465,2537 4636,2537 4807,2536 4978,2536 5149,2535 5320,2534"/>
                <TextEquiv>
                    <Unicode>selben in unsirn nucz haben entfangen und globen in guten truwen vor uns, unsir erben und nachkommen, dem</Unicode>
                </TextEquiv>
            </TextLine>
            <TextLine id="r1l11" custom="readingOrder {index:10;} place {offset:51; length:6;} place {offset:97; length:2; continued:true;}">
                <Coords points="1918,2684 2089,2682 2261,2680 2433,2678 2604,2675 2776,2673 2948,2671 3119,2669 3291,2667 3463,2665 3635,2663 3806,2662 3978,2660 4150,2659 4321,2658 4493,2658 4665,2658 4836,2658 5008,2659 5180,2660 5352,2661 5352,2582 5180,2581 5008,2580 4836,2579 4665,2579 4493,2579 4321,2579 4150,2580 3978,2581 3806,2583 3635,2584 3463,2586 3291,2588 3119,2590 2948,2592 2776,2594 2604,2596 2433,2599 2261,2601 2089,2603 1918,2605"/>
                <Baseline points="1918,2658 2089,2656 2261,2654 2433,2652 2604,2649 2776,2647 2948,2645 3119,2643 3291,2641 3463,2639 3635,2637 3806,2636 3978,2634 4150,2633 4321,2632 4493,2632 4665,2632 4836,2632 5008,2633 5180,2634 5352,2635"/>
                <TextEquiv>
                    <Unicode>vorgenanten unsirm herren dem keiser und kunige zu Beheim, seinen erben und nachkomen kunigen zu Be¬</Unicode>
                </TextEquiv>
            </TextLine>
            <TextLine id="r1l12" custom="readingOrder {index:11;} place {offset:0; length:4; continued:true;} place {offset:43; length:6;}">
                <Coords points="1905,2789 2074,2790 2243,2790 2412,2788 2581,2785 2750,2782 2919,2779 3088,2774 3257,2770 3426,2766 3595,2762 3764,2758 3933,2755 4102,2752 4271,2750 4440,2749 4609,2750 4778,2751 4947,2755 5116,2760 5286,2766 5286,2694 5116,2688 4947,2683 4778,2679 4609,2678 4440,2677 4271,2678 4102,2680 3933,2683 3764,2686 3595,2690 3426,2694 3257,2698 3088,2702 2919,2707 2750,2710 2581,2713 2412,2716 2243,2718 2074,2718 1905,2717"/>
                <Baseline points="1905,2765 2074,2766 2243,2766 2412,2764 2581,2761 2750,2758 2919,2755 3088,2750 3257,2746 3426,2742 3595,2738 3764,2734 3933,2731 4102,2728 4271,2726 4440,2725 4609,2726 4778,2727 4947,2731 5116,2736 5286,2742"/>
                <TextEquiv>
                    <Unicode>heim und der cronen desselben kungrichs zu Beheim, werschaft derselben stat, veste, hove, gut, gult und </Unicode>
                </TextEquiv>
            </TextLine>
            <TextLine id="r1l13" custom="readingOrder {index:12;} person {offset:60; length:6;} person {offset:71; length:28; continued:true;} place {offset:94; length:5; continued:true;}">
                <Coords points="1908,2902 2077,2902 2246,2901 2415,2898 2585,2895 2754,2891 2923,2886 3093,2881 3262,2876 3431,2871 3601,2866 3770,2861 3939,2857 4108,2854 4278,2851 4447,2850 4616,2849 4786,2850 4955,2853 5124,2857 5294,2863 5294,2791 5124,2785 4955,2781 4786,2778 4616,2777 4447,2778 4278,2779 4108,2782 3939,2785 3770,2789 3601,2794 3431,2799 3262,2804 3093,2809 2923,2814 2754,2819 2585,2823 2415,2826 2246,2829 2077,2830 1908,2830"/>
                <Baseline points="1908,2878 2077,2878 2246,2877 2415,2874 2585,2871 2754,2867 2923,2862 3093,2857 3262,2852 3431,2847 3601,2842 3770,2837 3939,2833 4108,2830 4278,2827 4447,2826 4616,2825 4786,2826 4955,2829 5124,2833 5294,2839"/>
                <TextEquiv>
                    <Unicode>vieschewazzer zu tun als recht ist, des zu urkunt haben wir Ulrich und Johans, lantgrafen vom Luten¬</Unicode>
                </TextEquiv>
            </TextLine>
            <TextLine id="r1l14" custom="readingOrder {index:13;} person {offset:0; length:5; continued:true;} place {offset:0; length:5; continued:true;} place {offset:59; length:5;} date {offset:65; length:37; continued:true;year:0; day:0; month:0;}">
                <Coords points="1923,3018 2092,3015 2262,3011 2431,3007 2601,3003 2771,2998 2940,2993 3110,2989 3280,2983 3449,2979 3619,2974 3789,2970 3958,2966 4128,2962 4298,2959 4467,2956 4637,2954 4807,2953 4976,2952 5146,2953 5316,2954 5316,2878 5146,2877 4976,2876 4807,2877 4637,2878 4467,2880 4298,2883 4128,2886 3958,2890 3789,2894 3619,2898 3449,2903 3280,2907 3110,2913 2940,2917 2771,2922 2601,2927 2431,2931 2262,2935 2092,2939 1923,2942"/>
                <Baseline points="1923,2993 2092,2990 2262,2986 2431,2982 2601,2978 2771,2973 2940,2968 3110,2964 3280,2958 3449,2954 3619,2949 3789,2945 3958,2941 4128,2937 4298,2934 4467,2931 4637,2929 4807,2928 4976,2927 5146,2928 5316,2929"/>
                <TextEquiv>
                    <Unicode>berge unsir ingesiegil an diesen brieff gehangen. Geben zu Gretz nach Cristus geburt drutzenhudirt jar</Unicode>
                </TextEquiv>
            </TextLine>
            <TextLine id="r1l15" custom="readingOrder {index:14;} date {offset:0; length:98; continued:true;year:0; day:0; month:0;}">
                <Coords points="1910,3113 2081,3113 2252,3111 2423,3109 2594,3106 2765,3103 2936,3100 3107,3096 3278,3093 3449,3089 3620,3085 3791,3081 3962,3078 4133,3074 4304,3071 4475,3069 4646,3067 4817,3065 4988,3065 5159,3065 5330,3066 5330,2991 5159,2990 4988,2990 4817,2990 4646,2992 4475,2994 4304,2996 4133,2999 3962,3003 3791,3006 3620,3010 3449,3014 3278,3018 3107,3021 2936,3025 2765,3028 2594,3031 2423,3034 2252,3036 2081,3038 1910,3038"/>
                <Baseline points="1910,3088 2081,3088 2252,3086 2423,3084 2594,3081 2765,3078 2936,3075 3107,3071 3278,3068 3449,3064 3620,3060 3791,3056 3962,3053 4133,3049 4304,3046 4475,3044 4646,3042 4817,3040 4988,3040 5159,3040 5330,3041"/>
                <TextEquiv>
                    <Unicode>dornach in dem syben und funftzigistem jar am nechsten dornstag nach des heiligen sant Martins tag.</Unicode>
                </TextEquiv>
            </TextLine>
            <TextEquiv>
                <Unicode>Wir Ulrich und Johans gebruder, lantgraven vom Lutenberge, bekennen und tun kunt offenlich mit diesem brief&#xD;
allen den, die yn sehen odir horen lesen, daz wir mit samter hant, wollbedacht und mit rad unser frunde recht und &#xD;
redlich verkouft haben dem allirdurchluchtigistem fursten, unsirm genedigen herren hern Karl, Romischem &#xD;
keiser und kunig zu Beheim, sinen erben und nachkomen kunigen zu Beheim und der cronen desselben &#xD;
kungrichs zu Beheim, die stat und vesten Pegenicz, die unsir frei eigen ist, mit leut, gut, gult, gevelle und &#xD;
alle ir zugehorung und dar zu den hof vor der stat, den wir von Herman Storen kynden kauft haben, und ey¬&#xD;
nen andirn hof zu Buchach, der gewesen ist Johans Frankenbergers, und daz vieschewazzer, doselbes mit allen nut¬&#xD;
zen und zugehorungen umb neun hundirt schok grosser prager muncz und werung, die unsir herre der &#xD;
keiser und kunig zu Beheim uns an bereitem gelt und pfennigen bezalt geben und gewert hat, und wir die¬&#xD;
selben in unsirn nucz haben entfangen und globen in guten truwen vor uns, unsir erben und nachkommen, dem&#xD;
vorgenanten unsirm herren dem keiser und kunige zu Beheim, seinen erben und nachkomen kunigen zu Be¬&#xD;
heim und der cronen desselben kungrichs zu Beheim, werschaft derselben stat, veste, hove, gut, gult und &#xD;
vieschewazzer zu tun als recht ist, des zu urkunt haben wir Ulrich und Johans, lantgrafen vom Luten¬&#xD;
berge unsir ingesiegil an diesen brieff gehangen. Geben zu Gretz nach Cristus geburt drutzenhudirt jar&#xD;
dornach in dem syben und funftzigistem jar am nechsten dornstag nach des heiligen sant Martins tag.</Unicode>
            </TextEquiv>
        </TextRegion>
        <TextRegion id="region_1564479753387_27" custom="readingOrder {index:1;}">
            <Coords points="5434,3524 4766,3524 4766,3095 5434,3095"/>
            <TextLine id="line_1564479789368_43" custom="readingOrder {index:0;}">
                <Coords points="4791,3108 5378,3108 5378,3196 4791,3196"/>
                <TextEquiv>
                    <Unicode>Lecta coram domino imperatore </Unicode>
                </TextEquiv>
            </TextLine>
            <TextLine id="line_1564479799489_48" custom="readingOrder {index:1;} person {offset:0; length:19;} place {offset:12; length:7;}">
                <Coords points="4798,3272 5252,3272 5252,3474 4798,3474"/>
                <TextEquiv>
                    <Unicode>Henricus de Wesalia. </Unicode>
                </TextEquiv>
            </TextLine>
            <TextEquiv>
                <Unicode>Lecta coram domino imperatore &#xD;
Henricus de Wesalia. </Unicode>
            </TextEquiv>
        </TextRegion>
    </Page>
</PcGts>
