3000 2703
127 253 2460 412 Wir Karl von Gotes gnaden roemischer keyser zuo allen zeiten merer des reiches, wir Wenczla ouch von Gotes genaden kuenig ze Beheim und marichgraf ze Brandenburg, des ieczgenanten unsers lieben herren und vatters keyser Karln sun, und wir Johans von
308 384 2456 441 denselben Gotes gnaden marichgraf ze Merhern, desselben unsers herren des keyser bruoder, an aim taile, und wir Ruodolff, Albrecht und Leupolt, gebrueder, von Gotes gnaden herczogen ze Oesterreich, ze Steyr und ze Kernden ,herren ze Chrayn, auff der
282 408 2456 462 Wynndischen marich und ze Porttnawe, grafen ze Habspurg, ze Tyrol, ze Phyrtt und ze Kyburg, marichgrafen ze Burgowe und lantgrafen in Elsazze, und wir Margret von Oesterreich, der ieczgenanten herczogen swester, weylent marichgrefinne ze
285 433 2473 491 Brandenburg, herczoginne ze Bayrn und grefinne ze Tyrol, an dem andern taile, veriehen, bekennen und tuen kunt von baiden tailen offenlich mit disem brief allen den, die in sehen, hoeren oder lesen, nu und hinnach ewichlich, seyd dem
286 459 2482 518 male daz nach ordenung und geschicht des almechtigen Gottes wir paidenthalben durcheinander von natur und der gebuerd wegen des geschlechts sippelich zuo einander gehoeren, in soelicher mazze, dwederr tail under uns gar abgieng, und verfuer ane
293 485 2470 543 eleich leiberben, daz derselb tail dem andern aller seiner lande, fuerstentuomen und herschefte, die er also hinder im liezz, pilleich und von recht gunnen sol fuer alle ander leute, daz darumb wir in dem namen, als da vor auf baiden tailen nach
289 510 2452 569 guoter vorbetrachtung, mit rechter wizzen, nach rate, willen und gunst aller unserr fuersten, lantherren, rittern und knechten, purgern und lantsezzen, in allen unsern landen und stetten, die notdurftig darzuo waren, mit aller der ordenunge,
287 536 2448 595 beschaidenheit und chraft, worten, werken und geberden, die nach geystlichen und weltlichen rechten oder gewonheiten und nach dhaynerlay lantrechten oder freiheiten darzuo gehoerent, einander getan haben recht und redlich solich
297 564 2455 623 gemechtnuzz ordenung und gabe als hie nach beschaiden ist. Das ist ze merken, ob das geschehe, da vor Got si, daz wir die vorgenanten keyser Karl von Rom, kuenig Wenczla von Beheim und marichgraf Johans von Merhern, und unser aller
291 589 2481 650 eleiche kint, suene und toechter, die wir nu haben oder hernach gewinnen, abgiengen und verfueren ane elich leiberben, und ouch ob dieselben unsere kinde leiberben gewinnent, die ouch fuerbazzer an leiberben verfueren, und unsrew land also rechter
287 614 2495 675 leiberben, die von uns, unsern kinden und kindes kinden komen moechten, erblos wurden, daz danne allev uensrew erblichew fuerstentuom, lande, und herschefte, vesten und stett, leute und gueter, die wir nu haben oder hernach gewinnen, erben, und gevallen
297 640 2489 700 suellen mit vollem und ganczem rechte auf die vorgenanten herczogen von Oesterreich, die egenanten Margreten ir swester, und auf ir aller leiberben, suene und toechter, die in Got noch geben mag, und auf derselben kind und kindes kint nach dem rechten
291 667 2483 729 stammen ewichlich, die von iren leiben komen mugen, an alle geverde. Und ze gleicher weise hinwider sprechen und wellen wir die vorgenanten herczogen von Oesterreich, und wir die egenanten Margrete, ir swester, ob das geschech, das Got durch sein gnade
284 694 2479 757 wende, daz wir und der durchleuchtig fuerste, her Ludweig kuenig ze Ungern, unser lieber bruoder, und die hochgeborn frawe kuenigin Elizabeth, sein muoter, und die hochgeborn Elsbeth, weilent herczog Stephans von Ungern, seins bruoder tochter,
288 721 2465 784 unser liebe swester, abgiengen und verfueren ane eleich leiberben, und ouch ob wir an demselben unserm taile leiberben gewinnen, die fuerbazzer ane leiberben verfueren, und unsrew land also rechter leiberben, die von uns, unsern kinden und kindes
287 748 2475 813 kinden komen moechten, erblos wurden, daz danne allew unsrew erblichew fuerstentuom, land und herschefte, vesten und stett, leute und gueter, die wir die vorgenanten herczogen von Oesterreich, und Margret, unser swester, nu haben oder hernach
298 772 2475 840 gewinnen, erben und gevallen suellen mit vollem und mit ganczem rechte auf die vorgenanten kayser Karln von Rom, kuenig Wenczla von Beheim und marichgraf Johansen von Merhern und auf ir aller leiberben, suene und toechter, und auf
288 799 2475 868 derselben kind und kindes kint, nach dem rechten stammen ewichlich, die von iren leiben komen mugen, an alle geverde. Doch mit soelichem underschaide, daz auf beyden tailen ieglich unser land und leute, sunderlich, wem halt die ge¬
296 828 2485 893 vallent, beleiben suellen ewichlich bey allen den rechten, freyhaiten, gnaden und guoten gewonheiten, die si von alter gehebt und herbracht habent, ane alle geverde. Wir haben ouch in dem namen, als da vor, auf paiden tailen wizzentlich fuer
292 854 2479 920 unsselber und fuer alle unser erben und erbes erben, als vor beschaiden ist, ewichlich gesworen leiblich ayde zuo den heiligen mit angeruerten handen auf das heilig ewangeli, und ouch gelobt mit unsern trewen und mit den worten unserr
286 885 2481 948 fuerstlichen wirdichait, daz wir auf dwederm taile wider dise vorgeschriben unser gemechtnuzz, ordenung und gabe, mit unsselber noch mit andern leuten weder mit gerichte, noch ane gerichte, noch mit dhainen andern sachen des rechten
292 913 2495 977 oder der getat, haymlich noch offenlich, nymmer getuon suellen noch wellen, und ouch niemanne gehellen, der dawider tuon wolte, an alle geverde, und verczeihen uns ouch darumb paidenthalben in dem namen, als da vor soelicher auzzueg und fuende,
284 939 2476 1003 damitte wir in dem namen, als da vor auf dwederm taile, hernach komen und sprechen mechten, daz wir diser gemechtnuzz und gabe betwungen weren, oder daz dwederr tail den andern unredlich und unpilleich darhinder bracht hiet, oder dazsi
288 966 2486 1029 nicht, recht und redlich, geschehen were, und widersagen ouch darumb helffe und rate aller geistlicher und weltlicher richter rechten und gerichten, sunderlich dem rechten, damitte man versereten und entwerten leuten ze helff kumt
280 994 2511 1056 und wider in ir gewer seczet, und dem rechten, das da sprichet, gemayn verczeihung vervahe nicht, ez ge danne ain gesunderte vor, und allen andern geystlichen und weltlichen geschriben und ungeschriben, gestiften und ungestiften, funden und unfunden
284 1022 2486 1085 rechten, freyheiten, lantrechten und gewonhaiten, und allen hantfesten und briefen, die wir nu haben oder hernach gewinnen moechten, damitte wir auf paiden tailen, oder yeman von unsern wegen wider dise vorgeschriben unser ordenung, gemecht¬
292 1049 2475 1114 nuzz und gabe alleklich, oder bey tailen yemander getuon moechten in dhainem wege an alle geverde. Und were, da vor Got si, daz wir auf dwederm taile unsselb vergezzen, und yemander dawider icht geteten, oder des wir nicht getrawen, ob unserr dwederr
280 1077 2466 1142 tail vermals dhaine briefe gegeben hiete, oder hienach dhaine ander briefe gebe, die wider dise vorgeschriben unser ordenung, gemechtnuzz und gabe in dhainem wege weren, die suellen ierig, veppig tod und ab sein und dhain chraft
284 1104 2466 1171 haben noch gewinnen, wan wir sei in solicher geschicht mit disem briefe wizzentlich abnemen, vernichten, toetten und widerrueffen genczlich, und sol alain diser brief und des geleichen vor und nach allen andern briefen, die dise sache beruerent,
280 1135 2490 1200 in seiner chraft genczlich und ewichlich beleiben ane alle geverde und arge liste. Wir der vorgenanten kaiser Karl von Rom, haben ouch als ein roemischer keyser, wizzentlich, mit kayserlicher mechte, volkomenheit dise vorgeschriben ordenung, gabe
288 1164 2464 1230 und gemechtnuzz durch frides und gemaines guotes willen nach rate der fuersten des heiligen reiches, geystlicher und weltlicher, die do ze male bey uns waren, payden tailen, verhenget, gegunnen, beweret, gevestent, bestettet, recht und
284 1192 2469 1259 redlich, verhengen, gunnen, beweren, vestenen und bestetten si ouch fuer uns, und unser nachkomen, an dem heiligen reiche, ewichlich mit disem briefe in aller der mazze, als vor beschaiden ist, ane alle geverde, und ob das were, daz dhaine
280 1222 2480 1289 kayserliche recht oder gesaczt, die nu funden und geschriben sint, oder hernach funden und geschriben werdent, wider dise vorgeschribenen unser gemechtnuzz ordenung und gabe, in dhainem wege alleklich oder bei tailen weren, die namen wir ab,
272 1250 2464 1319 und widerrueffen, toetten und vernichten, si in disen sachen mit unserm kayserlichen gewalte genczlich, und ewichlich, wan wir wellen, un mainen in dem namen, als da vor, daz dise gemechtnuezz, ordenung und gabe auf bayden tailen ewichlich
274 1279 2458 1348 in ganczer und vester stetikait unverbrochenlich beleibe, und gehaltten werde, in aller der mazze, als vor beschaiden ist, ane alle geverde. Darumb von paiden den vorgenanten tailen gebieten wir vestiklich bei unsern hulden, allen unsern geistlichen und
274 1307 2478 1375 weltlichen fuersten, prelaten, grafen, freyen, dienstherren, lantherren, rittern und knechten, purgern und lantsezzen, auf dem lande und in den stetten, und allen unsern undertanen gemainlich, in welichem wesen, und wie si genant sind, daz si die vor
272 1335 2490 1403 genanten unser ordenung, gemechtnuzz und gabe, auf solich geschicht, als vorgeschriben stet, loben und sweren zue den heiligen, stete ze haben und ze volfueren genczlich wenne es ze schulden komt, an alle widerede und geverde, und ouch darueber geben ir offene
271 1363 2482 1429 versigelte briefe. Und darueber zuo ainem warenm vestenen offenem und ewigem urkunde aller der vorgeschriben ordenung und sachen haben wir die vorgenanten kayser Karl von Rom, kuenig Wenczla von Beheim und marchgraf Johans von Merhern fuer
276 1391 2456 1454 uns, und fuer alle unser erben und erbes erben, ewichlich, als vor beschaiden ist, an ainem taile und wir die egenanten Ruodolff, Albrecht und Leuppolt, gebrueder, herczogen ze Oesterreich, und wir die egenante Margrete, ir swester, fuor uns und fuer alle unser erben
266 1419 2490 1480 und erbes erben, ewichlich, als vorgeschriben stet, an dem andern taile unsrew insigelle gehenket an disen brief. Diz ist geschehen und ist diser brief gegeben ze Bruenne, nach Krists geburd drewzehen hundert jar und darnach in dem vier und
267 1449 1753 1506 sechzigistem jare, an der heiligen junchfrawen sand Scolastice tag, unser kayser Karls reiche in dem achczehenden und des keysertuoms in dem neunden jare.
356 1560 2463 1636 imperator rex, Boemie marchio, dux Ruodolf, dux Albrecht, dux Leupold, marchionissa Brandenburgensis.
