7669 6023
1338 1423 5284 1870 Wir Johans, Jurge und Thomas, bruder genant Freuntzberger, bekennen und tun kunt offinlich mit diesem brieve allen den, die yn
1442 1855 5351 1957 sehen odir lesen, wann der allirdurchluchtigiste furste und herre her Karl von Gots gnaden romischer keiser, zu allen zeiten merer des
1464 1959 5329 2053 richs und kunig zu Beheim, unsir lieber gnediger herre, vor alle schult, die er und seliger gedechtnuzze der hochgeborn furste und herre
1464 2050 5320 2150 her Johans, etwenn kunig zu Beheim, sein vatter, unsir lieber herre, uns und unsirn erben und nachkomen schuldig gewesen seint und
1461 2146 5362 2242 doruber wir yre brieve gehabt haben, uns von unsir und unsir erben und nachkomen wegen syben hundert guter guldin geben und ver¬
1450 2238 5360 2340 richtet hat gnedeclich, domit uns wol benuget und danken seinen gnaden und dorumb sagen wir den egenanten unsirn gnedigen herren den keiser,
1446 2325 5373 2441 seinen vatter seligen und ir erben und nachkomen aller schult, die sie uns und unsirn erben schuldig gewesen seint, doruber wir brieve ge¬
1466 2439 5349 2539 habet han odir nicht, in welcher weis die schult ist gewesen, los und ledig, und wollen der nymermer gefordern, und ob dheine brieve umb
1433 2541 5357 2635 soliche schult in dheinen zukunftigen zeiten zu lichte quemen und vorbracht wurden, die sullen keine craft noch macht haben in dheine
1446 2638 5364 2734 weis und sullen uns, unsirn erben und nachkomen keine hulfe bringen. Mit urtkund ditz brieves, versiegelt mit myn Johansen insigel
1458 2716 5379 2833 vorgenanten, und wir Jurge und Thomas, bruder des obgenanten Johans, bekennen uns aller dieser vorgeschriben dinge under desselben unsirs bruders
1445 2812 5334 2924 insiegel, wann wir unsirs eygen insiegel nicht enhaben zu diesem male. Geben zu Nuremberg nach Cristus geburt drutzenhundert jar, dornach
1454 2908 3413 3014 in den sechtzigstem jare an sant Jacobes tag, des heiligen aposteln.
