7608 6546
1106 1260 5145 1891 Ich Fryderich von Haydeck bekennen und tun kunt offenlich mit diesem brief allen den, die yn sehen odir horen lesen, daz ich vur mich,
1289 1574 5184 1663 alle meyn erben und nachkomen mit fryen wille und umb redeliche sache dem allerdurchluchtigestem fursten und meinem gnedigen
1295 1670 5186 1766 herren hern Karl, romischem keiser, zu allen zeiten merer des reichs und kunig zu Beheim, seinen erben und nachkomen kunigen zu Beheim
1289 1770 5171 1868 und der crone desselben kunigrichs und yn gegenwertekeit desselben meins herren als eyns Romischen keisers und ander dieser nachge¬
1319 1867 5215 1972 schreben fursten, grafen, fryen herren, rittern und knechten aufgetragen und aufgegeben, habe mit rechter und gewonlicher czerlich¬
1318 1977 5264 2081 keit den eigetum myner vestene und herschaft von Haydeck und alle ir zugehorunge, und daz derselbe meyn herre als eyn kunig
1309 2078 5204 2177 zu Beheim vor sich, sein erben und nachkomen kunige zu Beheim, und von wege der crone desselben kunigrichs mir und mynen
1319 2178 5224 2282 erben, die vorgenante vestene und herschaft zu Haydeck mit all ir zugehorunge zu rechter edilen lehenschaft und zu aufgebegem haus
1303 2291 5158 2398 und vestene zu all irem willen und notdorft geluhen hat zu edil lehene, und daz ich und meyn erben yn dorumb und mit der¬
1286 2388 5242 2517 selben warten sal und gehorsam sein als meins hern des keisers, und myne brieve, die dorubir zu beidem teil geben sein volkomlich
1305 2487 5164 2623 halden und begrifen, und seint hiebei gewesen, die hochgeborn fursten und herren her Rudolf, herczoge zu Sassen, des heiligen reichs
1343 2584 5180 2737 obrist marschalk, her Bolko, herezog zu der Swidnicz, und her Redacher, herezog zu Brunswig, die erwirdigen in God vater und herren
1332 2695 5256 2853 her Dyderich, byschoff zu Mynden, und her Albrecht, byschoff zu Swerin, die edilen hern her Burghart, burgraf zu Meygdeburg, hofmeister
1333 2818 5214 2960 des keiserlichen hofs, her Eberhart, graff zu Wirtemberg, her Ulrich der elter, graff zu Helfenstein, her Thome von Koldicz, her Johan
1332 2920 5210 3060 von Rosemberg, her Ulrich vom Nuwenhaus, her Borsse von Rysemburg, der Schenke von Lymburg, her Swiker von Gunderfingen
1335 3017 5275 3155 und ander vil edel und erber lute, und des zu urkund han ich mein ingesegel an diesen brieff gehangen,  der geben ist zu Nuremberg
1338 3133 4340 3264 nach Crists geburt drutzenhundert jar darnach in dem sechczigsten jar an sant Clementen tag.
