6577 4622
927 578 4074 878 Wir Johanns und Gunther, gebruder grafen von Swarczburg, bekennen und tun kunt offenlich
1030 889 4064 954 mit disem brife allen den, die yn sehent odir horent lesen, das allirdurchleuchtigster furste und
1023 959 4033 1036 herre her Karl Romischer, keiser zu allen zeiten merer des reichs und kunig zu Beheim, uns lieber gne¬
1006 1024 4065 1118 diger herre, uns vom besundirn gnaden zu geben gelobt hat und geben wil zweihundirt schock be¬
1045 1114 3973 1193 hemisch grozz an zu heben, zu zelhen von sant Martins tag der nu nehest kumpftig ist, uncz
1025 1197 4073 1271 dornoch uff sant Mertins tag, der denne schirists kumpftig wirdet, dorumb seyn wir seine
1023 1279 4057 1352 burgmann worden uff seinem hause zu Sparremberg und geloben und sweren in guten
1020 1357 4039 1439 trewen an geverde, ym, seinen erben und nachkomen kunigen zu Beheim getrew, gehorsam
1027 1423 4099 1524 und undirtenig zu seyn, als uns rechten erplichen herschafft, und als rechte erpliche man
1049 1520 4026 1610 zutun pflichtig sint yren rechten erplichen herren, an allen steten ir bestes zu werben,
1053 1609 4001 1697 und seinen schaden zu wenden. Mit urkund dicz brifes, versigilt mit unsir vorgenanten beidir
1059 1704 4010 1786 anhangendem insigel. Geben zu Prage nach Crists geburte dreyczehenhundirt jar und
1073 1791 4021 1879 in dem neun und funfzigsten jare an dem nehesten sunabend fur sant Mertins tage.
