11455 7455
765 80 6585 1833 Fridericus, divina favente clemencia romanorum imperator, semper augustus, Hungarie, Dalmacie, Croacie et cetera rex ac Austrie, Stirie, Karinthie et Carniole dux, comes Tirolis et cetera, et
1271 850 6593 1003 Georgius, Dei gracia Bohemie rex, marchio Moravie, Slesie et Lucemburgensis dux et Lusacie marchio et cetera, recognoscimus et notumfacimus tenore presencium universis, quod attendentes quid et quan¬
1249 918 6635 1081 tum pacis unionis et amiciciarum federa sacro romano imperio ac aliis regnis et principatibus nostris, que invicem confines existunt et ipsorum inhabitatoribus fructus asserant, presertim cum orbis dominus imperator,
1261 983 6569 1163 videlicet augustus, et principum suorum potissimus et elector, rex scilicet Bohemie, se mutuo auxiliis consiliis favoribus et ligis prosecuntur sano nostrorum consiliariorum et fidelium accedente consilio
1269 1098 6575 1238 et deliberacione matura premia atque pro nostro et nostrorum utrunque subditorum incremento ligas uniones amicicias pacisque federa inivimus atque presentibus firmiter inimus in hunc videlicet modum, quod si a
1265 1183 6573 1321 quopiam, cuiuscunque preeminencie status, gradus, dignitatis, condicionis, meriti re fuerit, nos aut alterum ex nobis molestari, inquietari seu turbari quouismodo ordine et quesito colore in regnis, dominiis,
1265 1268 6609 1420 honoribus, dignitatibus et statibus nostris aut conspiraciones, coniuraciones, conuenticula et alia quecunque in dampnum offensam et perturbacionem nostram aut alterutrius nostrarumque dicionum, quicquid fieri
1275 1356 6537 1496 seu attemptari contingeret, quod extunc quilibet ex nobis ad requisicionem alterius lesi aut quomodolibet inquietati eidem leso seu inquietato consilio, auxilio, adiutorio et fauori realiter et cum effectu ad
1265 1445 6515 1578 propulsandam et oppugnandam huiusmodi iniuriam et molestiam assistere debebit tociens, quociens id necessarium fuerit et oportunum, et si, quod absit, inter nos ambos aut nostros differencia quouismodo
1266 1531 6471 1658 inantea oriretur, quod in eum eventum differenciarum huiusmodi decisio amicabiliter aut per iusticiam, in defectum amicabilis composicionis per consiliarios principis ipsius rei ad requisicionem conquerentis
1262 1617 6461 1743 expedite fiat et eam fieri princeps requisitus efficaciter procuret dolo et fraude in hiis procul amotis, quemadmodum et nos id facturos verbis nostris imperiali et regno bona fide ac Iureiurando firmabimus
1264 1705 6499 1816 in omnibus tamen predictis sanctissimo domino nostro papa et sede apostolica dumtaxat exceptis. Harum testimonio literarum nostrorum imperialis et regalis sigilllorum appensione munitarum. Datum
1269 1789 6459 1897 Brunne die secunda sensis sugusti anno Domini millesimo quadringentesimo quinquagesimonono, nostri Friderici imperatoris annorum imperii octavo, regnorum autem nostrorum romanorum
1267 1875 3833 1954 vicesimo et Hungarie et cetera primo, nostra vero Georgii regis Bohemie et cetera regni secundo.
5928 2405 7062 2519 Comissio domini imperatoris in consilio
5942 2529 6890 2615 Ad mandatum domini regis
5986 2610 7071 2701 Procopius de Rabenstein, cancellarius
