3000 3400
555 62 1951 289 Notum sit Christi fidelibus presentibus et futuris, quod ego Helicha, Dei gratia
534 199 2015 403 dicta ducissa Boemie, assentiente thori mei socio Ottone, duce
527 317 1991 518 illustrissimo, tradidi pro anime mee remedio predium meum, quod si¬
511 428 2015 647 tum est in Shexhin, fratribus meis in Plaz domino Deo famulantibus perpe¬
506 530 2021 751 tuo possidendum. Ut autem hec inconvulsis radicibus in posterum perseverent,
487 643 2007 871 sigilli mei inpressione firmavi. Si quis autem hanc donationem meam ir¬
478 759 2023 1002 ritam fecerit, vinculo anathematis se innodatum noverit. Huius vero dona¬
466 883 2019 1125 tionis mee testes hii sunt: dominus Otto dux Boemie strennuus, Wazla¬
463 991 1944 1225 us dux, dominus Henricus Pragensis episcopus, Florianus cancellarius et prepositus,
458 1107 2011 1352 Predotha curie iudex, Henricus prefectus de Aldenburch, Dersizlaus cas¬
456 1217 2011 1463 tellanus Bilzinensis, Cholaz camerarius meus, Pribizlaus filius Hemerammi,
459 1338 2026 1583 Wezel venator, Otto de Woirzan, Otto capellanus et fratres sui Wis¬
425 1452 1989 1716 sa et Marquardus et alii plures. Hec autem acta sunt anno Dominice incar¬
423 1600 2007 1840 nationis millesimo centesimo octogesimo IXo, in communi colloquio
420 1694 2021 1953 Boemorum, Prage habito XVIIo kalendas iulii, anno ducatus collateralis mei
418 1814 1969 2067 primo. Data per manum capellani mei Ottonis XVIIo kalendas iulii mensis.
