7023 6369
1374 966 4314 1086 Nos Polko, Dei gratia dux Opuliensis et dominus in Valchenberch, recognoscimus et fatemur te¬
1221 1061 4338 1177 nore presencium universis nos esse principem et vasallum magnifici domini nostri, domini Johannis,
1250 1156 4308 1252 Boemie et Polonie regis ilustris ac comitis Lucemburgensis, et ab eo terram nostram Val¬
1243 1239 4334 1319 chenberch cum suis civitatibus, videlicet Valchenberch, Glogovia Minore et Czulcz necnon
1229 1319 4334 1392 Strelitz opido cum munitione ibidem et Pramsyn munitione cum etiam villis, ho¬
1227 1391 4349 1471 minibus, vasallis et militibus ad ipsas spectantibus ac aliis suis pertinentiis universis,
1233 1477 4394 1557 in quibuscumque consistant, quas nunc habemus et imposterum sumus quocumque titulo habituri,
1241 1562 4398 1645 nostro, heredum ac successorum nostrorum nomine, ducum Opuliensium et dominorum ibidem in Valchenberch,
1219 1654 4365 1729 recepisse in feudum et ab ipso tenere ac possidere iure et titulo feudali volentes,
1197 1725 4390 1815 quod heredes ac successores nostri, duces Opulienses et domini in Valchenberch prelibati, juxta
1212 1793 4375 1906 litterarum continentiam, quas a prefato domino nostro, rege Boemie, super eo recepimus et ha¬
1197 1859 4315 1986 bemus, quandocumque predictam terram nostram vacare contigerit, eam ab ipso domino nostro
1217 1981 4374 2066 aut a suis heredibus vel successoribus, regibus Boemie, in feudo recipere semper deinceps
1189 2067 4437 2153 debeant et tenere et facto sibi servande perpetuo fidelitatis homagio, sicut et nos nunc
1167 2146 4411 2240 spontanea et libera voluntate fecimus, ei vel eis tamquam eius vel eorum princeps et vasal¬
1194 2218 4389 2325 lus sincera fide intendere debeant et parere. In cuius rei testimonium presentes litteras fieri et si¬
1165 2276 4366 2396 gillo nostro iussimus communiri. Datum Opavie anno Domini millesimo trecentesimo vicesimo
1210 2369 2121 2451 septimo XII kalendas martii.
