8154 6554
1878 672 5679 1125 Wir, Johans und Gunther, gebruder, grafen von Swarczburg, bekennen und tun kunt offinlich mit diesem briefe allen
1967 1104 5655 1221 den, die in sehent odir horent lesen, daz wir vor uns, unsir erben und nachkomen mit wolbedachtem mute, mit rate unsir
1945 1225 5728 1320 frunde und mit rechter wizzen dem allirdurchluchtigistem fursten und herren hern Karln, romschem keiser, zu allen zeiten me¬
1950 1325 5704 1441 rer des reichs und kunige zu Beheim, unserm lieben gnedigen herren als einem kunige zu Beheim, seinen erben und nach¬
1959 1433 5744 1561 komen, kunigen dem kungreich und der cronen desselben kungrichs czu Beheim erblich und eweclich umb funftausent
1947 1551 5763 1672 und funfczig schok guter pragescher grossen, die uns genczliche bezalet und in unsern schinberlich kuntlichen nutz gekeret
1910 1645 5825 1780 sein, ee dirre brieff gegeben sei, die vesten Spremberg, burg und stat, mit allen dorfern, leuten, herscheften, landen, guten, gerich¬
1917 1780 5777 1889 ten, bennen, zollen, geleiten, vorsten, wiltpennen, gulten, zinsen, nutzen, velden, welden, pusschen, geiegden, vogelweiden, wysen,
1938 1894 5812 2010 weiden, wazzern, mulen, wazzerleufen, teichen viesschenen, bergen, grunden, sleten, gemerken, creizen, grenitzen, und alle nut¬
1909 2015 5726 2131 zen oben und under der erden und ouch mit rittern, knechten, mannen, manscheften, lehen, lehenscheften, verlehenten guten,
1929 2132 5692 2244 kirchlehen und gotslehen, dienern, eigenen leuten, pfantscheften und allen andern zugehorungen, wie man die mit sunder¬
1929 2248 5694 2358 lichen worten benennen mag, recht und redelich verkouft haben und verkeufen an diesem brieve und verzeihen uns vor uns,
1928 2360 5641 2472 unsir erben und nachkomen ewecliche alles rechten, ansprache, anredunge, die wir zu der obgenanten vesten Spremberg, burg
1936 2473 5659 2598 und stat, und allen iren zugehorungen, als dovor begriffen ist, gehabet haben, noch hetten odir haben mochten in dheinewis,
1904 2589 5689 2714 und verzeihen uns auch sunderlich aller hulfe geistliches und werntliches rechten und aller gesecze, keiserlicher und babst¬
1923 2713 5670 2830 licher buche, der lande gewonheit und aller ander sache do mit dieser kouf in dheine weis mochte gehindert werden. Ouch
1914 2826 5635 2940 han wir Johan und Gunther egenante vor uns, unsir erben und nachkomen in guten trewen mit rechter wizzen globt und
1878 2932 5660 3048 globen in disem briefe, daz wir dem vorgenanten unsirn herren dem keiser als einem kunige zu Beheim, seinen erben und nach¬
1925 3058 5688 3172 komen, kunigen, dem kungreiche und der cronen desselben kungrichs zu Beheim als von der vesten Spremberg, burg
1906 3178 5681 3286 und stat, und allen iren egenanten zugehorungen sullen und wellen gute stete werung tun, als in den landen recht und gewon¬
1909 3297 5669 3406 heit ist. Und aller dieser sache zu urtkund und ewiger warheit han wir unsir insiegel an diesen brieff gehangen. Der geben ist
1887 3428 5665 3525 zu Prage nach Cristus geburt dreutzenhundirt jar dornach in dem sechtzigstem jar, an dem nechsten dinstag nach dem
1875 3540 2382 3626 Obristen tage.
