<?xml version="1.0" encoding="UTF-8" standalone="yes"?>
<PcGts xmlns="http://schema.primaresearch.org/PAGE/gts/pagecontent/2013-07-15" xmlns:xsi="http://www.w3.org/2001/XMLSchema-instance" xsi:schemaLocation="http://schema.primaresearch.org/PAGE/gts/pagecontent/2013-07-15 http://schema.primaresearch.org/PAGE/gts/pagecontent/2013-07-15/pagecontent.xsd">
    <Metadata>
        <Creator>prov=University of Rostock/Institute of Mathematics/CITlab/Tobias Gruening/tobias.gruening@uni-rostock.de:name=/net_tf/LA73_249_0mod360.pb:de.uros.citlab.segmentation.CITlab_LA_ML:v=2.4.1
TRP</Creator>
        <Created>2019-08-12T11:53:22.875+02:00</Created>
        <LastChange>2019-11-25T11:17:00.431+01:00</LastChange>
        <TranskribusMetadata docId="194728" pageId="7663894" pageNr="1" tsid="19834813" status="IN_PROGRESS" userId="40502" imgUrl="https://files.transkribus.eu/Get?id=YKKXEYGOXYEYELBFWEVXZAOW&amp;fileType=view" xmlUrl="https://files.transkribus.eu/Get?id=AJMFVISXHKWCWNZURBGINWVH" imageId="4643137"/>
    </Metadata>
    <Page imageFilename="NA-ACK_13640210_00882_r.jpg" imageWidth="3000" imageHeight="2422">
        <ReadingOrder>
            <OrderedGroup id="ro_1579618277910" caption="Regions reading order">
                <RegionRefIndexed index="0" regionRef="r2"/>
                <RegionRefIndexed index="1" regionRef="region_1565605982307_98"/>
                <RegionRefIndexed index="2" regionRef="region_1565605927001_78"/>
            </OrderedGroup>
        </ReadingOrder>
        <TextRegion orientation="0.0" id="r2" custom="readingOrder {index:0;}">
            <Coords points="248,207 422,1259 2490,1312 2498,281"/>
            <TextLine id="r2l1" custom="readingOrder {index:0;} person {offset:4; length:70;} person {offset:80; length:71;} place {offset:118; length:5;} place {offset:139; length:12;} person {offset:201; length:12;} person {offset:227; length:14; continued:true;}">
                <Coords points="302,338 496,338 601,337 706,337 811,336 916,336 1021,335 1127,334 1232,333 1337,332 1442,332 1547,331 1652,330 1757,330 1863,329 1968,329 2073,330 2178,330 2283,331 2388,332 2494,334 2494,304 2388,302 2283,301 2178,300 2073,300 1968,299 1863,299 1757,300 1652,300 1547,301 1442,302 1337,302 1232,303 1127,304 1021,305 916,306 811,306 706,307 601,307 497,216 252,206"/>
                <Baseline points="320,330 425,331 530,331 635,331 740,330 845,330 950,329 1056,328 1161,327 1266,326 1371,326 1476,325 1581,324 1686,324 1792,323 1897,323 2002,324 2107,324 2212,325 2317,326 2492,330"/>
                <TextEquiv>
                    <Unicode>Wir Karl von Gots gnaden römischer keyser ze allen zeiten merer des reichs, wir Wentzla ouch von Gots gnaden kunig ze Behem und margraf ze Brandenburch, des yetzgenanten unsers liben herrn und vatters keyser Karln sun, und wir Johans von den</Unicode>
                </TextEquiv>
            </TextLine>
            <TextLine id="r2l2" custom="readingOrder {index:1;} person {offset:0; length:37; continued:true;} place {offset:30; length:7;} person {offset:103; length:7;} person {offset:112; length:8;} person {offset:125; length:133; continued:true;} place {offset:174; length:10;} place {offset:189; length:5;} place {offset:202; length:7;} place {offset:220; length:5;} place {offset:234; length:17;}">
                <Coords points="384,362 498,361 603,361 707,361 812,361 916,360 1021,360 1125,359 1230,358 1334,357 1439,356 1544,356 1648,355 1753,354 1857,354 1962,354 2066,354 2171,354 2275,355 2380,355 2485,357 2485,327 2380,325 2275,325 2171,324 2066,324 1962,324 1857,324 1753,324 1648,325 1544,326 1439,326 1334,327 1230,328 1125,329 1021,330 916,330 812,331 707,331 603,331 498,331 383,331"/>
                <Baseline points="394,350 498,351 603,351 707,351 812,351 916,350 1021,350 1125,349 1230,348 1334,347 1439,346 1544,346 1648,345 1753,344 1857,344 1962,344 2066,344 2171,344 2275,345 2380,345 2485,347"/>
                <TextEquiv>
                    <Unicode>selben Gots gnaden margraf ze Merhern, desselben unsers herrn des keyser bruder, an aim taile, und wir Rudolff, Albrecht und Leuppolt, gebruder, von Gots gnaden herczogen ze Osterreich, ze Steyr und ze Kernden, herrn ze Krain, uf der Windischen marich und ze</Unicode>
                </TextEquiv>
            </TextLine>
            <TextLine id="r2l3" custom="readingOrder {index:2;} person {offset:0; length:111; continued:true;} place {offset:0; length:8;} place {offset:20; length:9;} place {offset:34; length:5;} place {offset:44; length:6;} place {offset:58; length:7;} place {offset:80; length:6;} place {offset:105; length:6;} person {offset:121; length:128; continued:true;} place {offset:133; length:10;} place {offset:201; length:12;} place {offset:229; length:5;}">
                <Coords points="378,382 496,384 601,385 705,386 810,386 914,385 1019,385 1123,384 1228,383 1332,381 1437,380 1541,379 1646,378 1750,377 1855,376 1959,376 2064,376 2168,376 2273,377 2377,379 2482,381 2482,351 2377,349 2273,347 2168,346 2064,346 1959,346 1855,346 1750,347 1646,348 1541,349 1437,350 1332,351 1228,353 1123,354 1019,355 914,355 810,356 705,356 601,355 496,354 378,353"/>
                <Baseline points="392,373 496,374 601,375 705,376 810,376 914,375 1019,375 1123,374 1228,373 1332,371 1437,370 1541,369 1646,368 1750,367 1855,366 1959,366 2064,366 2168,366 2273,367 2377,369 2482,371"/>
                <TextEquiv>
                    <Unicode>Porttnaw, grafen ze Habsburch, ze Tyrol, ze Phirtt und ze Kyburch, margrafen ze Burgow und lantgrafen in Elsazz, und wir Margret von Osterreich, der ytzgenanten herczogen swester, weilnt margrefinn ze Brandenburch, herczoginn ze Bayrn und grefinn ze</Unicode>
                </TextEquiv>
            </TextLine>
            <TextLine id="r2l4" custom="readingOrder {index:3;} person {offset:0; length:5; continued:true;} place {offset:0; length:5;}">
                <Coords points="392,408 502,409 612,410 723,410 833,409 944,409 1054,408 1165,407 1275,406 1386,404 1496,403 1607,402 1717,401 1828,400 1938,399 2049,399 2159,399 2270,399 2380,400 2491,402 2491,372 2380,370 2270,369 2159,369 2049,369 1938,369 1828,370 1717,371 1607,372 1496,373 1386,374 1275,376 1165,377 1054,378 944,379 833,379 723,380 612,380 502,379 392,378"/>
                <Baseline points="392,398 502,399 612,400 723,400 833,399 944,399 1054,398 1165,397 1275,396 1386,394 1496,393 1607,392 1717,391 1828,390 1938,389 2049,389 2159,389 2270,389 2380,390 2491,392"/>
                <TextEquiv>
                    <Unicode>Tyrol an dem andern taile, veriehen, bechennen und tun kunt von baiden tailen offenlich mit disem brif allen den, die in sehen, horen oder lesen, nu und hinnach ewichlich, seid dem male daz nach ordenung und geschicht des almechtigen Gots wir baidenthalben</Unicode>
                </TextEquiv>
            </TextLine>
            <TextLine id="r2l5" custom="readingOrder {index:4;}">
                <Coords points="390,430 494,431 599,432 703,432 808,432 913,432 1017,431 1122,430 1227,430 1331,428 1436,427 1541,426 1645,425 1750,424 1855,423 1959,422 2064,422 2169,421 2273,421 2378,422 2483,423 2483,393 2378,392 2273,391 2169,391 2064,392 1959,392 1855,393 1750,394 1645,395 1541,396 1436,397 1331,398 1227,400 1122,400 1017,401 913,402 808,402 703,402 599,402 494,401 390,400"/>
                <Baseline points="390,420 494,421 599,422 703,422 808,422 913,422 1017,421 1122,420 1227,420 1331,418 1436,417 1541,416 1645,415 1750,414 1855,413 1959,412 2064,412 2169,411 2273,411 2378,412 2483,413"/>
                <TextEquiv>
                    <Unicode>durch einander von natur und der gepurd wegen des geslechts sipplich zu einander gehoren, in solicher mazze, dwederr tail under uns gar abgieng, und verfur an elich leiberben, daz derselb tail dem andern aller siner lande, furstentumme und herschefte, die er also hinder im liezze, pillich</Unicode>
                </TextEquiv>
            </TextLine>
            <TextLine id="r2l6" custom="readingOrder {index:5;}">
                <Coords points="391,454 495,454 600,455 705,455 810,454 915,454 1019,453 1124,453 1229,452 1334,451 1439,450 1543,449 1648,447 1753,447 1858,446 1963,445 2067,444 2172,444 2277,444 2382,444 2487,444 2487,414 2382,414 2277,414 2172,414 2067,414 1963,415 1858,416 1753,417 1648,417 1543,419 1439,420 1334,421 1229,422 1124,423 1019,423 915,424 810,424 705,425 600,425 495,424 391,424"/>
                <Baseline points="391,444 495,444 600,445 705,445 810,444 915,444 1019,443 1124,443 1229,442 1334,441 1439,440 1543,439 1648,437 1753,437 1858,436 1963,435 2067,434 2172,434 2277,434 2382,434 2487,434"/>
                <TextEquiv>
                    <Unicode>und von recht gunnen sol fur all ander leutt, dez darumb wir in dem namen, alz da vor uf baiden teilen nach guter vorbetrachtung, mit rechter wizzen nach rate, willen und gunst aller unserr fursten, lantherrn, rittern und knechten, purgern und lantsezzen in allen unsern</Unicode>
                </TextEquiv>
            </TextLine>
            <TextLine id="r2l7" custom="readingOrder {index:6;}">
                <Coords points="395,476 499,476 604,477 708,477 813,476 917,476 1022,475 1126,475 1231,474 1335,473 1440,472 1544,471 1649,470 1753,469 1858,468 1962,468 2067,467 2171,467 2276,467 2380,467 2485,467 2485,437 2380,437 2276,437 2171,437 2067,437 1962,438 1858,438 1753,439 1649,440 1544,441 1440,442 1335,443 1231,444 1126,445 1022,445 917,446 813,446 708,447 604,447 499,446 395,446"/>
                <Baseline points="395,466 499,466 604,467 708,467 813,466 917,466 1022,465 1126,465 1231,464 1335,463 1440,462 1544,461 1649,460 1753,459 1858,458 1962,458 2067,457 2171,457 2276,457 2380,457 2485,457"/>
                <TextEquiv>
                    <Unicode>landen und steten, die notdurftig darzu waren, mit aller der ordenung, bescheidenheit und kraft, worten, werken und geperden, die nach geistlichen und weltlichen rechten oder gewonheiten und nach dhainerlay lantrechten oder freyheiten darzu gehorent, einander getan haben recht</Unicode>
                </TextEquiv>
            </TextLine>
            <TextLine id="r2l8" custom="readingOrder {index:7;} person {offset:159; length:19;} person {offset:180; length:23;} place {offset:198; length:5;} person {offset:208; length:26;} place {offset:227; length:7;}">
                <Coords points="396,498 500,499 605,499 709,500 814,500 919,499 1023,499 1128,498 1233,497 1337,496 1442,495 1547,494 1651,493 1756,493 1861,492 1965,491 2070,490 2175,490 2279,489 2384,489 2489,490 2489,460 2384,459 2279,459 2175,460 2070,460 1965,461 1861,462 1756,463 1651,463 1547,464 1442,465 1337,466 1233,467 1128,468 1023,469 919,469 814,470 709,470 605,469 500,469 396,468"/>
                <Baseline points="396,488 500,489 605,489 709,490 814,490 919,489 1023,489 1128,488 1233,487 1337,486 1442,485 1547,484 1651,483 1756,483 1861,482 1965,481 2070,480 2175,480 2279,479 2384,479 2489,480"/>
                <TextEquiv>
                    <Unicode>und redlich solich gemechtnuzze, ordenung und gabe, alz hienach beschaiden ist. Das ist ze merkchen, ob das geschech, da vor Got sey, daz wir, die vorgenanten keyser Karl von Rom, kunig Wentzla von Behem und margraf Johans von Merhern, und unser aller eliche kint, sune</Unicode>
                </TextEquiv>
            </TextLine>
            <TextLine id="r2l9" custom="readingOrder {index:8;}">
                <Coords points="395,520 498,522 602,523 706,523 809,523 913,523 1017,523 1120,522 1224,521 1328,521 1432,520 1535,519 1639,517 1743,516 1846,515 1950,514 2054,513 2157,513 2261,512 2365,512 2469,512 2469,482 2365,482 2261,482 2157,483 2054,483 1950,484 1846,485 1743,486 1639,487 1535,489 1432,490 1328,491 1224,491 1120,492 1017,493 913,493 809,493 706,493 602,493 498,492 395,490"/>
                <Baseline points="395,510 498,512 602,513 706,513 809,513 913,513 1017,513 1120,512 1224,511 1328,511 1432,510 1535,509 1639,507 1743,506 1846,505 1950,504 2054,503 2157,503 2261,502 2365,502 2469,502"/>
                <TextEquiv>
                    <Unicode>und tochter, die wir nu haben oder hernach gewinnen, abgiengen und verfaren ane elich leiberben, und ouch ob diselben unsere kinde leiberben gewinnent, die ouch furbazzer an leiberben verfuren, und unsere lande also rechter leiberben, die von uns, unsern kinden und kindes kinden</Unicode>
                </TextEquiv>
            </TextLine>
            <TextLine id="r2l10" custom="readingOrder {index:9;} place {offset:262; length:10;}">
                <Coords points="395,543 498,545 602,546 705,547 809,547 913,547 1016,547 1120,547 1223,546 1327,545 1431,544 1534,542 1638,541 1741,540 1845,539 1949,538 2052,537 2156,536 2259,535 2363,535 2467,535 2467,505 2363,505 2259,505 2156,506 2052,507 1949,508 1845,509 1741,510 1638,511 1534,512 1431,514 1327,515 1223,516 1120,517 1016,517 913,517 809,517 705,517 602,516 498,515 395,513"/>
                <Baseline points="395,533 498,535 602,536 705,537 809,537 913,537 1016,537 1120,537 1223,536 1327,535 1431,534 1534,532 1638,531 1741,530 1845,529 1949,528 2052,527 2156,526 2259,525 2363,525 2467,525"/>
                <TextEquiv>
                    <Unicode>komen mochten, erblos wurden, daz dann alle unserev erblichev furstentum, lande und herschefte, vesten und stett, leutt und guter, die wir nu haben oder hernach gewinnen, erben, und gevallen sullen mit vollem und ganczem rechte auf die vorgenanten herczogen von Osterreich, die</Unicode>
                </TextEquiv>
            </TextLine>
            <TextLine id="r2l11" custom="readingOrder {index:10;} person {offset:10; length:10;}">
                <Coords points="392,566 503,567 607,568 711,569 815,570 919,570 1023,570 1127,570 1231,569 1335,568 1439,567 1543,565 1647,564 1751,563 1855,562 1959,560 2063,560 2167,559 2271,558 2375,558 2479,558 2479,528 2375,528 2271,528 2167,529 2063,530 1959,530 1855,532 1751,533 1647,534 1543,535 1439,537 1335,538 1231,539 1127,540 1023,540 919,540 815,540 711,539 607,538 503,537 392,537"/>
                <Baseline points="399,555 503,557 607,558 711,559 815,560 919,560 1023,560 1127,560 1231,559 1335,558 1439,557 1543,555 1647,554 1751,553 1855,552 1959,550 2063,550 2167,549 2271,548 2375,548 2479,548"/>
                <TextEquiv>
                    <Unicode>egenanten Margareten, ir swester, und uf ir aller leiberben, sune und tochter, die in Got noch geben mag, und uff derselben kint und kindes kint nach dem rechten stammen ewichlich, die von irn leiben komen mugen, an all geverde. Und ze gleicher weis hinwider sprechen und</Unicode>
                </TextEquiv>
            </TextLine>
            <TextLine id="r2l12" custom="readingOrder {index:11;} place {offset:42; length:10;} person {offset:77; length:7;} person {offset:188; length:22;} place {offset:204; length:6;} person {offset:256; length:18;}">
                <Coords points="387,588 511,589 614,590 717,591 820,592 923,592 1026,592 1129,592 1232,592 1335,591 1438,590 1540,589 1643,588 1746,587 1849,585 1952,584 2055,583 2158,582 2261,581 2364,580 2467,580 2467,550 2364,550 2261,551 2158,552 2055,553 1952,554 1849,555 1746,557 1643,558 1540,559 1438,560 1335,561 1232,562 1129,562 1026,562 923,562 820,562 717,561 614,560 511,559 386,555"/>
                <Baseline points="409,577 511,579 614,580 717,581 820,582 923,582 1026,582 1129,582 1232,582 1335,581 1438,580 1540,579 1643,578 1746,577 1849,575 1952,574 2055,573 2158,572 2261,571 2364,570 2467,570"/>
                <TextEquiv>
                    <Unicode>wellen wir, die vorgenanten herczogen von Osterreich, und wir, die egenanten Margret, ir swester, ob das geschech, das Got durch sein gnade wende, daz wir und der durchleuchtig furst, her Ludwig kunig ze Ungern, unser liber bruder, und die hochgeborn fraw kuniginn Elizabeth, sein muter,</Unicode>
                </TextEquiv>
            </TextLine>
            <TextLine id="r2l13" custom="readingOrder {index:12;} person {offset:19; length:6;} person {offset:34; length:27;} place {offset:55; length:6;}">
                <Coords points="391,606 508,610 611,612 713,613 816,614 919,614 1021,614 1124,614 1227,614 1329,613 1432,613 1535,612 1637,611 1740,610 1843,609 1945,608 2048,607 2151,606 2253,605 2356,604 2459,603 2459,573 2356,574 2253,575 2151,576 2048,577 1945,578 1843,579 1740,580 1637,581 1535,582 1432,583 1329,583 1227,584 1124,584 1021,584 919,584 816,584 713,583 611,582 508,580 392,583"/>
                <Baseline points="406,598 508,600 611,602 713,603 816,604 919,604 1021,604 1124,604 1227,604 1329,603 1432,603 1535,602 1637,601 1740,600 1843,599 1945,598 2048,597 2151,596 2253,595 2356,594 2459,593"/>
                <TextEquiv>
                    <Unicode>und die hochgeborn Elspet, weilnt herczog Stephans von Ungern, seins bruder tochter, unser liebe swester, abgiengen und verfuren ane eliche leiberben, und ouch ob wir an demselben unserm taile leiberben gewinnen, die furbazzer ane leiberben verfuren, und unsere lande also</Unicode>
                </TextEquiv>
            </TextLine>
            <TextLine id="r2l14" custom="readingOrder {index:13;} place {offset:233; length:10;} person {offset:249; length:8;}">
                <Coords points="399,629 502,632 606,635 709,636 813,637 917,638 1020,638 1124,638 1228,638 1331,637 1435,636 1539,635 1642,634 1746,633 1850,632 1953,630 2057,629 2161,628 2264,627 2368,627 2472,626 2472,596 2368,597 2264,597 2161,598 2057,599 1953,600 1850,602 1746,603 1642,604 1539,605 1435,606 1331,607 1228,608 1124,608 1020,608 917,608 813,607 709,606 606,605 502,602 399,599"/>
                <Baseline points="399,619 502,622 606,625 709,626 813,627 917,628 1020,628 1124,628 1228,628 1331,627 1435,626 1539,625 1642,624 1746,623 1850,622 1953,620 2057,619 2161,618 2264,617 2368,617 2472,616"/>
                <TextEquiv>
                    <Unicode>rechter leiberben, die von uns, unsern kinden und kindes kinden komen mochten, erblos wurden, daz dann alle unsere erblichev furstentume, lande und herschefte, vesten und stett, leutt und guter, die wir die vorgenanten herczogen von Osterreich, und Margaret, unser swester, nu haben,</Unicode>
                </TextEquiv>
            </TextLine>
            <TextLine id="r2l15" custom="readingOrder {index:14;} person {offset:98; length:20;} person {offset:120; length:23;} place {offset:138; length:5;} person {offset:148; length:28;} place {offset:169; length:7;}">
                <Coords points="406,651 509,655 613,657 717,659 820,660 924,661 1028,661 1131,661 1235,660 1339,660 1443,659 1546,658 1650,657 1754,656 1857,655 1961,654 2065,653 2168,653 2272,652 2376,652 2489,652 2491,623 2376,622 2272,622 2168,623 2065,623 1961,624 1857,625 1754,626 1650,627 1546,628 1443,629 1339,630 1235,630 1131,631 1028,631 924,631 820,630 717,629 613,627 509,625 406,621"/>
                <Baseline points="406,641 509,645 613,647 717,649 820,650 924,651 1028,651 1131,651 1235,650 1339,650 1443,649 1546,648 1650,647 1754,646 1857,645 1961,644 2065,643 2168,643 2272,642 2376,642 2480,643"/>
                <TextEquiv>
                    <Unicode>oder hernach gewinnen, erben und gevallen sullen mit vollem und ganczem rechte uf die vorgenanten keyser Karln von Rom, kunig Wentzla von Behem und margraf Johansen von Merhern und uf ir aller leiberben, sune und tochter, und uf derselben kint und kindes kint, nach</Unicode>
                </TextEquiv>
            </TextLine>
            <TextLine id="r2l16" custom="readingOrder {index:15;}">
                <Coords points="403,675 505,678 608,680 711,681 814,683 916,683 1019,684 1122,684 1225,684 1327,683 1430,683 1533,682 1636,681 1738,680 1841,679 1944,678 2047,677 2149,676 2252,675 2355,675 2458,675 2458,645 2355,645 2252,645 2149,646 2047,647 1944,648 1841,649 1738,650 1636,651 1533,652 1430,653 1327,653 1225,654 1122,654 1019,654 916,653 814,653 711,651 608,650 505,648 403,645"/>
                <Baseline points="403,665 505,668 608,670 711,671 814,673 916,673 1019,674 1122,674 1225,674 1327,673 1430,673 1533,672 1636,671 1738,670 1841,669 1944,668 2047,667 2149,666 2252,665 2355,665 2458,665"/>
                <TextEquiv>
                    <Unicode>dem rechten stammen ewichlich, die von irn leiben komen mugen, an all geverde. Doch mit solichem underschaide, daz uf baiden tailen igliche unser lande und leutt, sunderlich, wem halt die gevallent, beleiben suln ewichlich bey allen den rechten, freiheiten, gnaden und</Unicode>
                </TextEquiv>
            </TextLine>
            <TextLine id="r2l17" custom="readingOrder {index:16;}">
                <Coords points="399,697 502,700 605,702 708,703 811,705 915,705 1018,706 1121,706 1224,706 1327,706 1431,705 1534,704 1637,704 1740,703 1843,702 1947,701 2050,700 2153,699 2256,699 2359,698 2463,698 2463,668 2359,668 2256,669 2153,669 2050,670 1947,671 1843,672 1740,673 1637,674 1534,674 1431,675 1327,676 1224,676 1121,676 1018,676 915,675 811,675 708,673 605,672 502,670 399,667"/>
                <Baseline points="399,687 502,690 605,692 708,693 811,695 915,695 1018,696 1121,696 1224,696 1327,696 1431,695 1534,694 1637,694 1740,693 1843,692 1947,691 2050,690 2153,689 2256,689 2359,688 2463,688"/>
                <TextEquiv>
                    <Unicode>guten, gewonhaiten, die si von alter gehebt und herpracht habent, ane all geverde. Wir haben ouch in dem namen, alz da vor, uf baiden tailen wizzentlich fur unsselber und fur all unser erben und erbes erben, alz vor beschaiden ist, ewichlich gesworn leiplich aide zu</Unicode>
                </TextEquiv>
            </TextLine>
            <TextLine id="r2l18" custom="readingOrder {index:17;}">
                <Coords points="403,720 506,722 609,724 712,726 816,727 919,728 1022,728 1125,728 1229,728 1332,728 1435,728 1538,727 1642,726 1745,725 1848,725 1951,724 2055,723 2158,722 2261,721 2364,721 2468,721 2468,691 2364,691 2261,691 2158,692 2055,693 1951,694 1848,695 1745,695 1642,696 1538,697 1435,698 1332,698 1229,698 1125,698 1022,698 919,698 816,697 712,696 609,694 506,692 403,690"/>
                <Baseline points="403,710 506,712 609,714 712,716 816,717 919,718 1022,718 1125,718 1229,718 1332,718 1435,718 1538,717 1642,716 1745,715 1848,715 1951,714 2055,713 2158,712 2261,711 2364,711 2468,711"/>
                <TextEquiv>
                    <Unicode>den heiligen mit angerurten handen uf das heilig ewangeli, und ouch gelobt mit unsern trewen und mit den worten unser furstlichen wirdichait, daz wir uf dwederm taile wider dise vorgeschriben unser gemechtnuzze, ordenung und gabe mit unsselber noch mit</Unicode>
                </TextEquiv>
            </TextLine>
            <TextLine id="r2l19" custom="readingOrder {index:18;}">
                <Coords points="401,744 503,746 606,747 708,748 811,749 913,750 1016,751 1118,751 1221,751 1323,751 1426,751 1529,750 1631,750 1734,749 1836,748 1939,748 2041,747 2144,746 2246,745 2349,744 2452,743 2452,713 2349,714 2246,715 2144,716 2041,717 1939,718 1836,718 1734,719 1631,720 1529,720 1426,721 1323,721 1221,721 1118,721 1016,721 913,720 811,719 708,718 606,717 503,716 401,714"/>
                <Baseline points="401,734 503,736 606,737 708,738 811,739 913,740 1016,741 1118,741 1221,741 1323,741 1426,741 1529,740 1631,740 1734,739 1836,738 1939,738 2041,737 2144,736 2246,735 2349,734 2452,733"/>
                <TextEquiv>
                    <Unicode>andern leuten weder mit gerichte, noch ane gerichte, noch mit dhainen andern sachen des rechten oder der getat, haimlich noch offenlich, nymmer getun sullen noch wellen, und ouch nymdnn gehelen, der da wider tun wolt, an all geverde, und verzeihen uns ouch</Unicode>
                </TextEquiv>
            </TextLine>
            <TextLine id="r2l20" custom="readingOrder {index:19;}">
                <Coords points="403,768 506,770 610,771 714,772 818,773 922,774 1026,774 1129,774 1233,774 1337,774 1441,774 1545,773 1649,773 1753,772 1856,772 1960,771 2064,770 2168,770 2272,769 2376,769 2489,768 2488,739 2376,739 2272,739 2168,740 2064,740 1960,741 1856,742 1753,742 1649,743 1545,743 1441,744 1337,744 1233,744 1129,744 1026,744 922,744 818,743 714,742 610,741 506,740 403,738"/>
                <Baseline points="403,758 506,760 610,761 714,762 818,763 922,764 1026,764 1129,764 1233,764 1337,764 1441,764 1545,763 1649,763 1753,762 1856,762 1960,761 2064,760 2168,760 2272,759 2376,759 2480,759"/>
                <TextEquiv>
                    <Unicode>darumb baidenthalben in dem namen, alz da vor solicher anzzug funde, da mit wir in dem namen, alz da vor uf dwederm tail, hernach komen und sprechen mochten, daz wir diser gemechtnuzze und gabe betwungen weren, oder daz dwederr tail den andern</Unicode>
                </TextEquiv>
            </TextLine>
            <TextLine id="r2l21" custom="readingOrder {index:20;}">
                <Coords points="409,792 511,794 614,795 716,796 819,797 921,798 1024,798 1126,799 1229,799 1331,799 1434,798 1537,798 1639,798 1742,797 1844,797 1947,796 2049,795 2152,795 2254,794 2357,793 2460,793 2460,763 2357,763 2254,764 2152,765 2049,765 1947,766 1844,767 1742,767 1639,768 1537,768 1434,768 1331,769 1229,769 1126,769 1024,768 921,768 819,767 716,766 614,765 511,764 409,762"/>
                <Baseline points="409,782 511,784 614,785 716,786 819,787 921,788 1024,788 1126,789 1229,789 1331,789 1434,788 1537,788 1639,788 1742,787 1844,787 1947,786 2049,785 2152,785 2254,784 2357,783 2460,783"/>
                <TextEquiv>
                    <Unicode>unredlich und unpillich dar hinder pracht hiet, oder daz si nicht recht und redlich geschehen weren, und widersagen ouch darumb helffe und rate aller geistlicher und weltlicher richter rechten und gerichten, sunderlich dem rechten, damit man versereten und</Unicode>
                </TextEquiv>
            </TextLine>
            <TextLine id="r2l22" custom="readingOrder {index:21;}">
                <Coords points="407,816 510,818 613,819 717,821 820,822 924,823 1027,823 1131,824 1234,824 1338,824 1441,824 1544,823 1648,823 1751,822 1855,822 1958,821 2062,821 2165,820 2269,819 2372,819 2476,818 2476,788 2372,789 2269,789 2165,790 2062,791 1958,791 1855,792 1751,792 1648,793 1544,793 1441,794 1338,794 1234,794 1131,794 1027,793 924,793 820,792 717,791 613,789 510,788 407,786"/>
                <Baseline points="407,806 510,808 613,809 717,811 820,812 924,813 1027,813 1131,814 1234,814 1338,814 1441,814 1544,813 1648,813 1751,812 1855,812 1958,811 2062,811 2165,810 2269,809 2372,809 2476,808"/>
                <TextEquiv>
                    <Unicode>entwerten leuten ze helff komt und wider in ir gewer seczet, und dem rechten, das da sprichet, gemayn verzeihung vervahe nicht, ez ge dann ain gesunderte vor, und allen andern geistlichen und weltlichen geschriben und ungeschriben, gestiften und unge¬</Unicode>
                </TextEquiv>
            </TextLine>
            <TextLine id="r2l23" custom="readingOrder {index:22;}">
                <Coords points="411,840 513,841 615,843 718,845 820,846 923,847 1025,848 1128,848 1230,848 1333,849 1435,849 1537,849 1640,849 1742,848 1845,848 1947,847 2050,847 2152,846 2255,845 2357,845 2460,844 2460,814 2357,815 2255,815 2152,816 2050,817 1947,817 1845,818 1742,818 1640,819 1537,819 1435,819 1333,819 1230,818 1128,818 1025,818 923,817 820,816 718,815 615,813 513,811 411,810"/>
                <Baseline points="411,830 513,831 615,833 718,835 820,836 923,837 1025,838 1128,838 1230,838 1333,839 1435,839 1537,839 1640,839 1742,838 1845,838 1947,837 2050,837 2152,836 2255,835 2357,835 2460,834"/>
                <TextEquiv>
                    <Unicode>stiften, funden und unfunden, rechten, freyhaiten, lantrechten und gewonhaiten, und allen hantfesten und priefen, die wir nu haben oder hernach gewinnen mochten, da mit wir uf baiden tailen, oder yman von unsern wegen wider dise vorgeschriben unser ordnung, ge¬</Unicode>
                </TextEquiv>
            </TextLine>
            <TextLine id="r2l24" custom="readingOrder {index:23;}">
                <Coords points="407,864 509,866 611,869 714,870 816,872 919,873 1021,874 1124,874 1226,875 1329,875 1431,875 1533,875 1636,874 1738,874 1841,874 1943,873 2046,873 2148,872 2251,872 2353,872 2456,872 2456,842 2353,842 2251,842 2148,842 2046,843 1943,843 1841,844 1738,844 1636,844 1533,845 1431,845 1329,845 1226,845 1124,844 1021,844 919,843 816,842 714,840 611,839 509,836 407,834"/>
                <Baseline points="407,854 509,856 611,859 714,860 816,862 919,863 1021,864 1124,864 1226,865 1329,865 1431,865 1533,865 1636,864 1738,864 1841,864 1943,863 2046,863 2148,862 2251,862 2353,862 2456,862"/>
                <TextEquiv>
                    <Unicode>mechtnuzze, und gabe allcklich, oder bey tailen ymmer getun mochten, in dhainen weg an alle geverde. Und werer, da vor Got sey, daz wir uf dwederm tail unsselb vergezzen, und ymmer da wider icht gereten, oder des wir nicht getrawn, ob unser dwederr</Unicode>
                </TextEquiv>
            </TextLine>
            <TextLine id="r2l25" custom="readingOrder {index:24;}">
                <Coords points="399,888 502,891 606,893 710,896 814,897 917,898 1021,899 1125,900 1229,900 1332,900 1436,900 1540,899 1644,899 1747,899 1851,898 1955,898 2059,898 2162,897 2266,897 2370,898 2474,898 2474,868 2370,868 2266,867 2162,867 2059,868 1955,868 1851,868 1747,869 1644,869 1540,869 1436,870 1332,870 1229,870 1125,870 1021,869 917,868 814,867 710,866 606,863 502,861 399,858"/>
                <Baseline points="399,878 502,881 606,883 710,886 814,887 917,888 1021,889 1125,890 1229,890 1332,890 1436,890 1540,889 1644,889 1747,889 1851,888 1955,888 2059,888 2162,887 2266,887 2370,888 2474,888"/>
                <TextEquiv>
                    <Unicode>tail vormals dhaine brife gegeben hiet, oder hienach dhaine ander brife gebe, die wider dise vorgeschriben unser ordenung, gemechtnuzze und gabe, in dhainen weg weren, die suln irrig, uppig, tod und absein und chain kraft haben noch gewinnen, wan wir</Unicode>
                </TextEquiv>
            </TextLine>
            <TextLine id="r2l26" custom="readingOrder {index:25;}">
                <Coords points="403,914 505,917 608,919 711,921 814,922 916,924 1019,924 1122,925 1225,925 1327,926 1430,926 1533,925 1636,925 1738,925 1841,925 1944,924 2047,924 2149,923 2252,923 2355,923 2458,923 2458,893 2355,893 2252,893 2149,893 2047,894 1944,894 1841,895 1738,895 1636,895 1533,895 1430,896 1327,896 1225,895 1122,895 1019,894 916,894 814,892 711,891 608,889 505,887 403,884"/>
                <Baseline points="403,904 505,907 608,909 711,911 814,912 916,914 1019,914 1122,915 1225,915 1327,916 1430,916 1533,915 1636,915 1738,915 1841,915 1944,914 2047,914 2149,913 2252,913 2355,913 2458,913"/>
                <TextEquiv>
                    <Unicode>sey in solicher geschicht mit disem brife wizzentlich abnemen, vernichten, totten und widerruffen genczlich, und sol alayn diser brif und des geleichen vor und nach allen andern brifen, die dise sache berurent, in seiner kraft genczlich und ewichlichen beleiben an</Unicode>
                </TextEquiv>
            </TextLine>
            <TextLine id="r2l27" custom="readingOrder {index:26;} person {offset:49; length:19;}">
                <Coords points="407,939 508,942 610,944 712,946 814,948 916,950 1018,951 1119,952 1221,953 1323,953 1425,954 1527,954 1629,953 1731,953 1832,953 1934,952 2036,951 2138,950 2240,949 2342,947 2444,946 2444,916 2342,917 2240,919 2138,920 2036,921 1934,922 1832,923 1731,923 1629,923 1527,924 1425,924 1323,923 1221,923 1119,922 1018,921 916,920 814,918 712,916 610,914 508,912 407,909"/>
                <Baseline points="407,929 508,932 610,934 712,936 814,938 916,940 1018,941 1119,942 1221,943 1323,943 1425,944 1527,944 1629,943 1731,943 1832,943 1934,942 2036,941 2138,940 2240,939 2342,937 2444,936"/>
                <TextEquiv>
                    <Unicode>all geverde und arge liste. Wir, der vorgenanten keyser Karl von Rom, haben ouch alz ein romischer keyser wizzentlich mit keyserlicher mechte volchomenhait dise vorgeschriben ordenung, gabe und gemechtnuzze durch frides und gemaines guts willen</Unicode>
                </TextEquiv>
            </TextLine>
            <TextLine id="r2l28" custom="readingOrder {index:27;}">
                <Coords points="407,961 509,965 611,968 713,970 815,973 917,974 1019,976 1121,977 1223,978 1325,978 1427,979 1529,979 1631,978 1733,978 1835,977 1937,976 2039,976 2141,974 2243,974 2345,972 2448,971 2448,941 2345,942 2243,944 2141,944 2039,946 1937,946 1835,947 1733,948 1631,948 1529,949 1427,949 1325,948 1223,948 1121,947 1019,946 917,944 815,943 713,940 611,938 509,935 407,931"/>
                <Baseline points="407,951 509,955 611,958 713,960 815,963 917,964 1019,966 1121,967 1223,968 1325,968 1427,969 1529,969 1631,968 1733,968 1835,967 1937,966 2039,966 2141,964 2243,964 2345,962 2448,961"/>
                <TextEquiv>
                    <Unicode>nach rate der fursten des heiligen reichs, geistlicher und weltlicher, die dozemal bey uns warn, baiden tailen verhenget, gegunnen, beweret, gevestent und bestettet, recht und redlich, verhengen, gunnen, beweren, vestenen und bestetten si ouch fur uns,</Unicode>
                </TextEquiv>
            </TextLine>
            <TextLine id="r2l29" custom="readingOrder {index:28;}">
                <Coords points="401,983 505,988 609,992 713,995 818,998 922,1000 1026,1002 1130,1003 1235,1004 1339,1004 1443,1004 1547,1004 1652,1003 1756,1003 1860,1002 1964,1002 2069,1001 2173,1001 2277,1000 2381,1000 2486,1000 2486,970 2381,970 2277,970 2173,971 2069,971 1964,972 1860,972 1756,973 1652,973 1547,974 1443,974 1339,974 1235,974 1130,973 1026,972 922,970 818,968 713,965 609,962 505,958 401,953"/>
                <Baseline points="401,973 505,978 609,982 713,985 818,988 922,990 1026,992 1130,993 1235,994 1339,994 1443,994 1547,994 1652,993 1756,993 1860,992 1964,992 2069,991 2173,991 2277,990 2381,990 2486,990"/>
                <TextEquiv>
                    <Unicode>und unser nachkomen an dem heiligen reiche, ewichlich mit disem brife in aller der mazze, alz vor beschaiden ist, an alle geverde, und ob das wer, daz dhain keyserliche recht oder gesetzt, die nu funden und geschriben sind, oder hernach funden und geschri¬</Unicode>
                </TextEquiv>
            </TextLine>
            <TextLine id="r2l30" custom="readingOrder {index:29;}">
                <Coords points="411,1008 512,1013 614,1017 716,1020 818,1023 920,1025 1022,1026 1123,1028 1225,1028 1327,1029 1429,1029 1531,1029 1633,1028 1735,1028 1836,1027 1938,1026 2040,1026 2142,1025 2244,1024 2346,1024 2448,1024 2448,994 2346,994 2244,994 2142,995 2040,996 1938,996 1836,997 1735,998 1633,998 1531,999 1429,999 1327,999 1225,998 1123,998 1022,996 920,995 818,993 716,990 614,987 512,983 411,978"/>
                <Baseline points="411,998 512,1003 614,1007 716,1010 818,1013 920,1015 1022,1016 1123,1018 1225,1018 1327,1019 1429,1019 1531,1019 1633,1018 1735,1018 1836,1017 1938,1016 2040,1016 2142,1015 2244,1014 2346,1014 2448,1014"/>
                <TextEquiv>
                    <Unicode>ben werdent, wider dise vorgeschriben unser gemechtnuzze ordenung und gabe, in dhainen weg allcklich oder bey tailen weren, die nemen wir ab und widerruffen, totten und vernichten si in disen sachen mit unserm keyserlichem gwalt genczlich und</Unicode>
                </TextEquiv>
            </TextLine>
            <TextLine id="r2l31" custom="readingOrder {index:30;}">
                <Coords points="411,1034 514,1038 617,1042 720,1045 823,1047 926,1049 1029,1050 1133,1051 1236,1052 1339,1052 1442,1052 1545,1052 1648,1052 1751,1051 1855,1051 1958,1051 2061,1050 2164,1050 2267,1051 2370,1051 2474,1052 2474,1022 2370,1021 2267,1021 2164,1020 2061,1020 1958,1021 1855,1021 1751,1021 1648,1022 1545,1022 1442,1022 1339,1022 1236,1022 1133,1021 1029,1020 926,1019 823,1017 720,1015 617,1012 514,1008 411,1004"/>
                <Baseline points="411,1024 514,1028 617,1032 720,1035 823,1037 926,1039 1029,1040 1133,1041 1236,1042 1339,1042 1442,1042 1545,1042 1648,1042 1751,1041 1855,1041 1958,1041 2061,1040 2164,1040 2267,1041 2370,1041 2474,1042"/>
                <TextEquiv>
                    <Unicode>ewichlich, wan wir wellen und mainen in dem namen, alz da vor, daz dise gemechtnuzze ordenung und gabe, uf baiden tailen ewichel in ganczer vester stetichait unverbrochenlich beleibe und gehalten werde, in aller der mazze, alz vor beschaiden, ist an alle geverde.</Unicode>
                </TextEquiv>
            </TextLine>
            <TextLine id="r2l32" custom="readingOrder {index:31;}">
                <Coords points="408,1057 511,1062 614,1066 718,1069 821,1071 924,1073 1028,1075 1131,1076 1234,1076 1338,1076 1441,1076 1544,1076 1648,1076 1751,1075 1854,1075 1958,1075 2061,1075 2164,1075 2268,1075 2371,1076 2475,1078 2475,1048 2371,1046 2268,1045 2164,1045 2061,1045 1958,1045 1854,1045 1751,1045 1648,1046 1544,1046 1441,1046 1338,1046 1234,1046 1131,1046 1028,1045 924,1043 821,1041 718,1039 614,1036 511,1032 408,1027"/>
                <Baseline points="408,1047 511,1052 614,1056 718,1059 821,1061 924,1063 1028,1065 1131,1066 1234,1066 1338,1066 1441,1066 1544,1066 1648,1066 1751,1065 1854,1065 1958,1065 2061,1065 2164,1065 2268,1065 2371,1066 2475,1068"/>
                <TextEquiv>
                    <Unicode>Darumb von baiden den vorgenanten tailen gebieten wir vestichlich bey unsern hulden allen unsern geistlichen und weltlichen fursten, prelaten, grafen, freyen, dinstherrn, lantherrn, rittern und knechten, purgern und lantsezzen uf dem lande und in den steten und</Unicode>
                </TextEquiv>
            </TextLine>
            <TextLine id="r2l33" custom="readingOrder {index:32;}">
                <Coords points="409,1084 517,1088 625,1091 734,1093 842,1096 950,1097 1059,1098 1167,1099 1275,1099 1384,1100 1492,1100 1601,1100 1709,1099 1817,1099 1926,1099 2034,1099 2142,1099 2251,1099 2359,1100 2468,1100 2468,1070 2359,1070 2251,1069 2142,1069 2034,1069 1926,1069 1817,1069 1709,1069 1601,1070 1492,1070 1384,1070 1275,1069 1167,1069 1059,1068 950,1067 842,1066 734,1063 625,1061 517,1058 409,1054"/>
                <Baseline points="409,1074 517,1078 625,1081 734,1083 842,1086 950,1087 1059,1088 1167,1089 1275,1089 1384,1090 1492,1090 1601,1090 1709,1089 1817,1089 1926,1089 2034,1089 2142,1089 2251,1089 2359,1090 2468,1090"/>
                <TextEquiv>
                    <Unicode>allen unsern undertanen gemainlich, in welichen wesen, und wie si genant sind, daz si die vorgenanten unser ordenung, gemechtnuzze und gabe, uf soelich geschicht, alz vorgeschriben stet, loben und sweren zu den heiligen, stete ze haben und ze volfuren genczlich,</Unicode>
                </TextEquiv>
            </TextLine>
            <TextLine id="r2l34" custom="readingOrder {index:33;}">
                <Coords points="407,1109 510,1112 613,1114 717,1116 820,1118 924,1119 1027,1120 1131,1121 1234,1121 1338,1122 1441,1122 1544,1122 1648,1122 1751,1122 1855,1123 1958,1123 2062,1123 2165,1123 2269,1124 2372,1125 2476,1126 2476,1096 2372,1095 2269,1094 2165,1093 2062,1093 1958,1093 1855,1093 1751,1092 1648,1092 1544,1092 1441,1092 1338,1092 1234,1091 1131,1091 1027,1090 924,1089 820,1088 717,1086 613,1084 510,1082 407,1079"/>
                <Baseline points="407,1099 510,1102 613,1104 717,1106 820,1108 924,1109 1027,1110 1131,1111 1234,1111 1338,1112 1441,1112 1544,1112 1648,1112 1751,1112 1855,1113 1958,1113 2062,1113 2165,1113 2269,1114 2372,1115 2476,1116"/>
                <TextEquiv>
                    <Unicode>swenn ez ze schulden kumt, an all widerrede und geverde, und ouch daruber geben ir offen versigelte brife. Und daruber zu ainem waren vestenen, offenem und ewigem urkunde aller der vorgeschriben ordenung und sachen haben wir, die vorgenanten</Unicode>
                </TextEquiv>
            </TextLine>
            <TextLine id="r2l35" custom="readingOrder {index:34;} person {offset:0; length:19;} person {offset:21; length:24;} place {offset:39; length:6;} person {offset:50; length:26;} place {offset:69; length:7;} person {offset:198; length:7;} person {offset:207; length:8;} person {offset:220; length:32; continued:true;}">
                <Coords points="403,1136 505,1137 608,1139 710,1140 813,1141 916,1142 1018,1143 1121,1144 1224,1145 1326,1145 1429,1146 1532,1146 1634,1147 1737,1147 1840,1147 1942,1148 2045,1148 2148,1148 2250,1148 2353,1148 2456,1149 2456,1119 2353,1118 2250,1118 2148,1118 2045,1118 1942,1118 1840,1117 1737,1117 1634,1117 1532,1116 1429,1116 1326,1115 1224,1115 1121,1114 1018,1113 916,1112 813,1111 710,1110 608,1109 505,1107 403,1106"/>
                <Baseline points="403,1126 505,1127 608,1129 710,1130 813,1131 916,1132 1018,1133 1121,1134 1224,1135 1326,1135 1429,1136 1532,1136 1634,1137 1737,1137 1840,1137 1942,1138 2045,1138 2148,1138 2250,1138 2353,1138 2456,1139"/>
                <TextEquiv>
                    <Unicode>kayser Karl von Rom, kunig Wentzla von Beheim und margraf Johans von Merhern, fur uns, und fur all unser erben und erbs erben, ewichlich, alz vor beschaiden ist an aim taile, und wir, die egenanten Rudolff, Albrecht und Leuppold, gebruder, hertzogen ze</Unicode>
                </TextEquiv>
            </TextLine>
            <TextLine id="r2l36" custom="readingOrder {index:35;} person {offset:0; length:10; continued:true;} place {offset:0; length:10;} person {offset:35; length:8;} place {offset:249; length:6;} date {offset:257; length:4; continued:true;year:0; day:0; month:0;}">
                <Coords points="415,1160 516,1161 617,1162 719,1163 820,1164 922,1165 1023,1166 1125,1167 1226,1168 1328,1169 1429,1169 1530,1170 1632,1170 1733,1171 1835,1171 1936,1171 2038,1171 2139,1171 2241,1171 2342,1171 2444,1171 2444,1141 2342,1141 2241,1141 2139,1141 2038,1141 1936,1141 1835,1141 1733,1141 1632,1140 1530,1140 1429,1139 1328,1139 1226,1138 1125,1137 1023,1136 922,1135 820,1134 719,1133 617,1132 516,1131 415,1130"/>
                <Baseline points="415,1150 516,1151 617,1152 719,1153 820,1154 922,1155 1023,1156 1125,1157 1226,1158 1328,1159 1429,1159 1530,1160 1632,1160 1733,1161 1835,1161 1936,1161 2038,1161 2139,1161 2241,1161 2342,1161 2444,1161"/>
                <TextEquiv>
                    <Unicode>Osterreich, und wir, die egenanten Margrete, ir swester, fur uns, und fur all unser erben und erbs erben, ewichlich, alz vorgeschriben stet, an dem andern taile, unsere insigele gehenkt an disen brif. Diz ist geschehen und ist diser brif gegeben ze Brunne, nach</Unicode>
                </TextEquiv>
            </TextLine>
            <TextLine id="r2l37" custom="readingOrder {index:36;} date {offset:0; length:217; continued:true;year:0; day:0; month:0;}">
                <Coords points="406,1186 504,1186 603,1186 701,1186 800,1187 899,1188 997,1189 1096,1190 1194,1191 1293,1192 1392,1193 1490,1194 1589,1195 1687,1196 1786,1197 1885,1197 1983,1197 2082,1197 2180,1197 2279,1196 2378,1194 2378,1164 2279,1166 2180,1167 2082,1167 1983,1167 1885,1167 1786,1167 1687,1166 1589,1165 1490,1164 1392,1163 1293,1162 1194,1161 1096,1160 997,1159 899,1158 800,1157 701,1156 603,1156 504,1156 406,1156"/>
                <Baseline points="406,1176 504,1176 603,1176 701,1176 800,1177 899,1178 997,1179 1096,1180 1194,1181 1293,1182 1392,1183 1490,1184 1589,1185 1687,1186 1786,1187 1885,1187 1983,1187 2082,1187 2180,1187 2279,1186 2378,1184"/>
                <TextEquiv>
                    <Unicode>Krists gepurde dreuczehen hundert iar und darnach in dem vir und sechtzigistem iare, an der heiligen junchfrawn sand Scolastice tag, unser kayser Karls reiche in dem achtzehenden und des keysertums in dem newnten jare.</Unicode>
                </TextEquiv>
            </TextLine>
            <TextEquiv>
                <Unicode>Wir Karl von Gots gnaden römischer keyser ze allen zeiten merer des reichs, wir Wentzla ouch von Gots gnaden kunig ze Behem und margraf ze Brandenburch, des yetzgenanten unsers liben herrn und vatters keyser Karln sun, und wir Johans von den
selben Gots gnaden margraf ze Merhern, desselben unsers herrn des keyser bruder, an aim taile, und wir Rudolff, Albrecht und Leuppolt, gebruder, von Gots gnaden herczogen ze Osterreich, ze Steyr und ze Kernden, herrn ze Krain, uf der Windischen marich und ze
Porttnaw, grafen ze Habsburch, ze Tyrol, ze Phirtt und ze Kyburch, margrafen ze Burgow und lantgrafen in Elsazz, und wir Margret von Osterreich, der ytzgenanten herczogen swester, weilnt margrefinn ze Brandenburch, herczoginn ze Bayrn und grefinn ze
Tyrol an dem andern taile, veriehen, bechennen und tun kunt von baiden tailen offenlich mit disem brif allen den, die in sehen, horen oder lesen, nu und hinnach ewichlich, seid dem male daz nach ordenung und geschicht des almechtigen Gots wir baidenthalben
durch einander von natur und der gepurd wegen des geslechts sipplich zu einander gehoren, in solicher mazze, dwederr tail under uns gar abgieng, und verfur an elich leiberben, daz derselb tail dem andern aller siner lande, furstentumme und herschefte, die er also hinder im liezze, pillich
und von recht gunnen sol fur all ander leutt, dez darumb wir in dem namen, alz da vor uf baiden teilen nach guter vorbetrachtung, mit rechter wizzen nach rate, willen und gunst aller unserr fursten, lantherrn, rittern und knechten, purgern und lantsezzen in allen unsern
landen und steten, die notdurftig darzu waren, mit aller der ordenung, bescheidenheit und kraft, worten, werken und geperden, die nach geistlichen und weltlichen rechten oder gewonheiten und nach dhainerlay lantrechten oder freyheiten darzu gehorent, einander getan haben recht
und redlich solich gemechtnuzze, ordenung und gabe, alz hienach beschaiden ist. Das ist ze merkchen, ob das geschech, da vor Got sey, daz wir, die vorgenanten keyser Karl von Rom, kunig Wentzla von Behem und margraf Johans von Merhern, und unser aller eliche kint, sune
und tochter, die wir nu haben oder hernach gewinnen, abgiengen und verfaren ane elich leiberben, und ouch ob diselben unsere kinde leiberben gewinnent, die ouch furbazzer an leiberben verfuren, und unsere lande also rechter leiberben, die von uns, unsern kinden und kindes kinden
komen mochten, erblos wurden, daz dann alle unserev erblichev furstentum, lande und herschefte, vesten und stett, leutt und guter, die wir nu haben oder hernach gewinnen, erben, und gevallen sullen mit vollem und ganczem rechte auf die vorgenanten herczogen von Osterreich, die
egenanten Margareten, ir swester, und uf ir aller leiberben, sune und tochter, die in Got noch geben mag, und uff derselben kint und kindes kint nach dem rechten stammen ewichlich, die von irn leiben komen mugen, an all geverde. Und ze gleicher weis hinwider sprechen und
wellen wir, die vorgenanten herczogen von Osterreich, und wir, die egenanten Margret, ir swester, ob das geschech, das Got durch sein gnade wende, daz wir und der durchleuchtig furst, her Ludwig kunig ze Ungern, unser liber bruder, und die hochgeborn fraw kuniginn Elizabeth, sein muter,
und die hochgeborn Elspet, weilnt herczog Stephans von Ungern, seins bruder tochter, unser liebe swester, abgiengen und verfuren ane eliche leiberben, und ouch ob wir an demselben unserm taile leiberben gewinnen, die furbazzer ane leiberben verfuren, und unsere lande also
rechter leiberben, die von uns, unsern kinden und kindes kinden komen mochten, erblos wurden, daz dann alle unsere erblichev furstentume, lande und herschefte, vesten und stett, leutt und guter, die wir die vorgenanten herczogen von Osterreich, und Margaret, unser swester, nu haben,
oder hernach gewinnen, erben und gevallen sullen mit vollem und ganczem rechte uf die vorgenanten keyser Karln von Rom, kunig Wentzla von Behem und margraf Johansen von Merhern und uf ir aller leiberben, sune und tochter, und uf derselben kint und kindes kint, nach
dem rechten stammen ewichlich, die von irn leiben komen mugen, an all geverde. Doch mit solichem underschaide, daz uf baiden tailen igliche unser lande und leutt, sunderlich, wem halt die gevallent, beleiben suln ewichlich bey allen den rechten, freiheiten, gnaden und
guten, gewonhaiten, die si von alter gehebt und herpracht habent, ane all geverde. Wir haben ouch in dem namen, alz da vor, uf baiden tailen wizzentlich fur unsselber und fur all unser erben und erbes erben, alz vor beschaiden ist, ewichlich gesworn leiplich aide zu
den heiligen mit angerurten handen uf das heilig ewangeli, und ouch gelobt mit unsern trewen und mit den worten unser furstlichen wirdichait, daz wir uf dwederm taile wider dise vorgeschriben unser gemechtnuzze, ordenung und gabe mit unsselber noch mit
andern leuten weder mit gerichte, noch ane gerichte, noch mit dhainen andern sachen des rechten oder der getat, haimlich noch offenlich, nymmer getun sullen noch wellen, und ouch nymdnn gehelen, der da wider tun wolt, an all geverde, und verzeihen uns ouch
darumb baidenthalben in dem namen, alz da vor solicher anzzug funde, da mit wir in dem namen, alz da vor uf dwederm tail, hernach komen und sprechen mochten, daz wir diser gemechtnuzze und gabe betwungen weren, oder daz dwederr tail den andern
unredlich und unpillich dar hinder pracht hiet, oder daz si nicht recht und redlich geschehen weren, und widersagen ouch darumb helffe und rate aller geistlicher und weltlicher richter rechten und gerichten, sunderlich dem rechten, damit man versereten und
entwerten leuten ze helff komt und wider in ir gewer seczet, und dem rechten, das da sprichet, gemayn verzeihung vervahe nicht, ez ge dann ain gesunderte vor, und allen andern geistlichen und weltlichen geschriben und ungeschriben, gestiften und unge¬
stiften, funden und unfunden, rechten, freyhaiten, lantrechten und gewonhaiten, und allen hantfesten und priefen, die wir nu haben oder hernach gewinnen mochten, da mit wir uf baiden tailen, oder yman von unsern wegen wider dise vorgeschriben unser ordnung, ge¬
mechtnuzze, und gabe allcklich, oder bey tailen ymmer getun mochten, in dhainen weg an alle geverde. Und werer, da vor Got sey, daz wir uf dwederm tail unsselb vergezzen, und ymmer da wider icht gereten, oder des wir nicht getrawn, ob unser dwederr
tail vormals dhaine brife gegeben hiet, oder hienach dhaine ander brife gebe, die wider dise vorgeschriben unser ordenung, gemechtnuzze und gabe, in dhainen weg weren, die suln irrig, uppig, tod und absein und chain kraft haben noch gewinnen, wan wir
sey in solicher geschicht mit disem brife wizzentlich abnemen, vernichten, totten und widerruffen genczlich, und sol alayn diser brif und des geleichen vor und nach allen andern brifen, die dise sache berurent, in seiner kraft genczlich und ewichlichen beleiben an
all geverde und arge liste. Wir, der vorgenanten keyser Karl von Rom, haben ouch alz ein romischer keyser wizzentlich mit keyserlicher mechte volchomenhait dise vorgeschriben ordenung, gabe und gemechtnuzze durch frides und gemaines guts willen
nach rate der fursten des heiligen reichs, geistlicher und weltlicher, die dozemal bey uns warn, baiden tailen verhenget, gegunnen, beweret, gevestent und bestettet, recht und redlich, verhengen, gunnen, beweren, vestenen und bestetten si ouch fur uns,
und unser nachkomen an dem heiligen reiche, ewichlich mit disem brife in aller der mazze, alz vor beschaiden ist, an alle geverde, und ob das wer, daz dhain keyserliche recht oder gesetzt, die nu funden und geschriben sind, oder hernach funden und geschri¬
ben werdent, wider dise vorgeschriben unser gemechtnuzze ordenung und gabe, in dhainen weg allcklich oder bey tailen weren, die nemen wir ab und widerruffen, totten und vernichten si in disen sachen mit unserm keyserlichem gwalt genczlich und
ewichlich, wan wir wellen und mainen in dem namen, alz da vor, daz dise gemechtnuzze ordenung und gabe, uf baiden tailen ewichel in ganczer vester stetichait unverbrochenlich beleibe und gehalten werde, in aller der mazze, alz vor beschaiden, ist an alle geverde.
Darumb von baiden den vorgenanten tailen gebieten wir vestichlich bey unsern hulden allen unsern geistlichen und weltlichen fursten, prelaten, grafen, freyen, dinstherrn, lantherrn, rittern und knechten, purgern und lantsezzen uf dem lande und in den steten und
allen unsern undertanen gemainlich, in welichen wesen, und wie si genant sind, daz si die vorgenanten unser ordenung, gemechtnuzze und gabe, uf soelich geschicht, alz vorgeschriben stet, loben und sweren zu den heiligen, stete ze haben und ze volfuren genczlich,
swenn ez ze schulden kumt, an all widerrede und geverde, und ouch daruber geben ir offen versigelte brife. Und daruber zu ainem waren vestenen, offenem und ewigem urkunde aller der vorgeschriben ordenung und sachen haben wir, die vorgenanten
kayser Karl von Rom, kunig Wentzla von Beheim und margraf Johans von Merhern, fur uns, und fur all unser erben und erbs erben, ewichlich, alz vor beschaiden ist an aim taile, und wir, die egenanten Rudolff, Albrecht und Leuppold, gebruder, hertzogen ze
Osterreich, und wir, die egenanten Margrete, ir swester, fur uns, und fur all unser erben und erbs erben, ewichlich, alz vorgeschriben stet, an dem andern taile, unsere insigele gehenkt an disen brif. Diz ist geschehen und ist diser brif gegeben ze Brunne, nach
Krists gepurde dreuczehen hundert iar und darnach in dem vir und sechtzigistem iare, an der heiligen junchfrawn sand Scolastice tag, unser kayser Karls reiche in dem achtzehenden und des keysertums in dem newnten jare.</Unicode>
            </TextEquiv>
        </TextRegion>
        <TextRegion id="region_1565605982307_98" custom="readingOrder {index:1;}">
            <Coords points="2501,1404 381,1404 381,1282 2501,1282"/>
            <TextLine id="line_1565610083231_607" custom="readingOrder {index:0;} place {offset:15; length:6;} person {offset:32; length:11;} person {offset:45; length:12;} person {offset:59; length:11;}">
                <Coords points="444,1298 788,1305 1091,1314 1445,1313 1789,1326 2078,1327 2364,1348 2458,1342 2461,1392 2364,1398 2076,1377 1788,1376 1444,1363 1090,1364 787,1355 443,1348"/>
                <Baseline points="443,1343 787,1350 1090,1359 1444,1358 1788,1371 2076,1372 2364,1393 2461,1387"/>
                <TextEquiv>
                    <Unicode>Imperator, rex Boemie, marchio, dux Ruodolf, dux Albrecht, dux Leupold, marchionissa Brandenburgensis.</Unicode>
                </TextEquiv>
            </TextLine>
            <TextEquiv>
                <Unicode>Imperator, rex Boemie, marchio, dux Ruodolf, dux Albrecht, dux Leupold, marchionissa Brandenburgensis.</Unicode>
            </TextEquiv>
        </TextRegion>
        <TextRegion id="region_1565605927001_78" custom="readingOrder {index:2;}">
            <Coords points="441,1323"/>
        </TextRegion>
    </Page>
</PcGts>
