8976 5046
1605 1525 6303 1636 Nos Johannes, Dei gracia Boemie et Polonie rex et Lucemburgensis comes, ad universorum notitiam volumus tenore presentium pervenire, quod quia bona
1560 1617 6192 1720 nostra infrascripta, videlicet opidum et munitionem Towaczaw cum villis Myrwans, Oplaczan, Wytlich, Herboricz, Grelicz villa forense
1557 1720 6266 1807 et Pywn, cum universis suis pertinentiis, que fideli nostro dilecto Heinrico de Lypa juniori in tribus milibus marcarum grossorum denariorum Pragensium
1588 1817 6245 1909 Moravici pagamenti et numeri nomine dotis seu dotalitii nobilis domine Agnetis de Blanchenheim, consanguinee nostre, sibi in uxorem legittimam
1586 1909 6281 2011 copulare et tradite, assignavimus tytulo pignoris possidenda et habenda, prout in aliis litteris nostris inde confectis plenius continetur,
1586 2006 6217 2101 ab eodem Heinrico de Lypa libere exsolvimus et redemimus integraliter et in totum, cupientes igitur prefatam dominam Agnetem,
1596 2097 6273 2175 consortem dicti de Lypa, consanguineam nostram, de predicta sua dote, videlicet trium milium marcarum, reddere certam penitus et securam,
1606 2184 6295 2270 eadem tria milia marcarum super civitatem Tribowiam Moravicalem cum omnibus et singulis suis juribus et pertinentiis predicte domine Agneti pro dote sua
1592 2278 6265 2368 impendimus, dedimus et assignavimus et de nostra certa sciencia et consilio prelibato duximus deputandam, per ipsam dominam habendam, tenendam, utifruendam et possi¬
1585 2375 6318 2457 dendam pacifice et quiete, libere, omni eo modo, jure et forma, sicut predicta bona Tobaczaw eidem obligata fuerunt, tamdiu, quousque in prefata summa trium
1602 2471 6285 2563 milium marcarum ab ipsa fuerint exsoluta et redempta, ordinantes et omnino volentes, ut dicta domina, nostra consanguinea, de prefata summa trium milium
1598 2562 6309 2651 marcarum assignatarum sibi per nos super predictis civitate Tribowie et pertinentiis suis et de ipsis bonis, quamdiu ab ea exsoluta non fuerint, sive cum antedicto
1611 2673 6296 2747 marito suo pueros et heredes habuerit vel non habuerit, ordinare, facere et disponere in vita vel in morte, eadem legandi, donandi, obligandi, permu¬
1570 2756 6261 2860 tandi cuicumque vel quibuscumque voluerit, libere et absque omni impedimento valeat atque possit tamquam de re sua propria pro sue libito voluntatis,
1608 2843 6308 2937 ratum, firmum et gratum habentes exnunc prout extunc, extunc prout exnunc, quidquid per eandem consagwineam nostram de dicta dote
1634 2932 6311 3049 sua trium milium marcarum in vita vel in morte actum, factum fuerit seu ordinatum, promittentes pro nobis et heredibus nostris
1628 3025 6304 3146 bona fide prefatam nostram consanguineam in predictis bonis seu dote sua ab iniuriis, violenciis gravaminibus seu molestiis quibuscumque
1637 3134 6213 3237 seu quorumcumque manutenere, protegere et favorabiliter conservare. In cuius rei testimonium presentes litteras scribi et sigillo nostro maiori
1617 3233 6178 3353 iussimus communiri. Datum in Epternaco anno Domini millesimo trecentesimo vicesimo septimo tredecima kalendas augusti.
