3000 2590
525 340 2381 376 Wir Gerlach von Gots gnaden des heilgin stuls zue Mencze erczebischoff, des heilgin romschen richs in dutschen landen erczcanceller, bekennen und tun kunt offenlich mit diesem bryve allen den, die yn sehent odir horent Iesin, wann der allir¬
533 365 2379 402 durchIuchtigeste furste, unsir gnedigir herre, her Karll romschir keisir zuo allen cziiten merer des richs und kunig zuo Beheim in dem namen und rechten, aIs ein kuonig zuo Beheim, der allirdurchluchtige furste her Wenczela kuenig
539 389 2378 427 zuo Beheim, sin sun, und der hochgeborn furste her Johans marggrave zuo Merhern, sin brudir, unsir lieben oheim, an enne teyle, und die hochgeboren fursten her Albrecht und her LupoIt hirczogen zuo Osterich, zuo Styr und zuo Kernten et cetera,
539 414 2368 453 unsir lieben oheimen, an dem andern, einre vormachunge, ordenunge, und eynunge, allir irer konigrich, furstetum, graschefte, herschefte, burge, vesten, stette, lute, und land, wo sie die yczont haben, odir, mit hilfe Gots, in kunftigen
545 437 2390 480 cziiten noch gewinnen, wie man die benennen mag mit sundirlichen worten, willeclich, bedechteclich und fruntlich undireinandir gemachet, befestet und vorbryvet haben, und auch dieselbe vormachunge, ordenunge und eynunge, der
549 465 2381 505 egenanten unsir herre keisir Karll, aIs ein romscher keisir, durch ir allir flizzige bete und durch des rechten willen bestedigit und confirmiret, und darubir sin offene bryve, mit sinem anhangenden keisirlichen ingesigel geben hat, von wor¬
549 491 2371 533 te zu worte, aIs hernach geschriben steet: Wir KarI von Gots gnaden romschir keisir zuo allen cziiten merer des richs und konig zuo Beheim bekennen und tun kunt offenlich mit diesem bryve allen den, die yn sehent
539 513 2381 561 odir horent Iesin, wann wir, als ein kunig zuo Beheim, der durchluchtige Wenczela konig zuo Beheim, marggrave zuo Brandenburge und zuo Lusicz, unsir liebn sun, und der hochgeborn Johans marggrave zuo Merhern, unser Iieben bruder,
543 538 2372 585 der chronen und des konigrichs zuo Beheim furste, an eime teile, und die hochgebornen Albrecht und Leupold herczogen zuo Osterrich, zuo Styr, zuo Kernden und zuo Krayn, herren off der Wyndischen marke, zuo Portenouw, graven
543 565 2373 609 zuo Habspurg, zuo Tyroil, zuo Phirt und zuo Kyburg, marggraven zuo Bergew und langraven in Obern Elsezen, an dem andern teyle, mit wolbedachtem muote, mit rechtir wiszen und mit rate der unsern, solich gemechtnuzze, ordenunge
547 596 2372 634 und voreynunge getan haben, recht und redeliche, als hernach geschriben steet, bynamen, ab daz geschee, da Got fur sii, daz wir, der egenanten keiser Karl, Wenczela konig zuo Beheim, unsir liebir sun, und Johans marggrave zuo Merhern,
551 623 2367 662 unsir liebir brudir, und unsir allir eliche kynderen, sune und dochtiren, die wir nuo haben, odir hernach gewinnen, abegiengen und sturben, ane eliche libes erben, und auch ab dieselben unsir kynd libes erben gewonnen, und
547 653 2368 689 die auch vorbasz ane eliche libes erben sturben, also daz unsir land kunigrich, furstentum und herschefte, rechtir libes erben, und erbes erben, die von unsern und iren liben elichen quernen, erbelos wurden, daz dann alle die vorgenanten
543 682 2362 717 unsir land kunigrich, furstentum und herschefte, die wir nuo haben odir hernach gewinnen, mit allen iren, gerichten, rechten, nuczen, wirden, eren fryheiten und allen guten, gewonheiten, die darzuo gehoren, wie die genant sin,
545 712 2358 745 on allcz hindirnuzze, erben, und erblich gevallen sullen, mit volkomenem ganczem rechte, off die vorgenanten herczogen zu Ostirrich, und off ir bedir libes erben sone und tochteren, ab sie die mit hilfe Gots gewinnen, und
551 741 2381 774 off derselben eliche erbes, erben eweclich geschee iz abir, da Got fur sii, daz die vorgenanten hirczogen zuo Osterrich, zuo Styr und zuo Kernthen et cetera, unsir lieben oheimen, abegiengen und sturben, on eliche libes erben und auch ab
557 769 2384 803 sie libes erben gewunnen, die furbazzer auch on eliche libes erben sturben, und ir lant furstetum, graschefte und herschefte, also rechtir elichir libes erben und erbes erben, erblos wurden, daz dann alle die vorgenanten und ander
542 797 2364 833 ire erbliche land herczogtum, furstetum, marggrafschefte, graschefte, vesten, stette, lute und gutir, die sie nuo haben, odir hernach gewunnen, mit allen iren, gerichten, rechten, nuczen, wirden, eren, friheiten und guten, gewonheiten,
552 825 2375 862 die darzuo gehorent, wie die genant sin, ane allcz hindernuzze erben, und gefallen sollen, mit ganczem und volkomenem rechte, off uns, als einen konig zuo Beheim, Wenczelaen kunig zuo Beheim, unsern lieben sun, sine geswistirde,
544 852 2377 890 Johansen marggraven zuo Merhern, unsern lieben brudir, sine kind, und off unsir, und ir allir eliche libes erben, sune und dochtir, und off unsir und derselben eliche erben und erbis erben eweclichen, die von unsern und iren liben elichen
552 881 2394 918 kommen mogen, ane alle geverde, des ist vur uns, als fur einen romschen keisir, sinen herren willeclich kommen, der durchluchtige Wenczela kunig zuo Beheim, unsir lieben suon, vur sich sine, geswistirde, erben und nachkomen,
553 908 2361 943 kunige zuo Beheim, mit sampt dem egenanten Johanse marggraven zuo Merhern, unserm lieben brudir, der cronen und des kunigrichs zu Beheim, furste an eyme teyle, und haben uns gebeten, daz wir dem egenanten hirczogen zuo
551 937 2359 969 Ostirrich, zuo Styr und zu Kernten et cetera, unsern lieben oheimen, geruchten zu virlihene, allcz daz die crone und daz kunigrich zuo Beheim, von dem heilgin romschen riche, zu lehen hat, iz sii furstentum, herschefte, lant oder
549 962 2355 997 lute. Und auch sint vur uns kommen, die hochgebornen Albrecht und Lupolt, herczogen zuo Osterrich, zuo Styr und zuo Kernten et cetera, unsir lieben oheimen, fur sich ir erben und nachkommen und iren furstentum, herczogentum,
553 987 2361 1028 graschefte, herschefte und land, an dem andern teyle, und haben uns auch gebeten, daz wir den egenanten kunigen, Wenczalaen zuo Beheim, unserm sune, Johansen marggraven zuo Merhern, unserm bruder, gerucheten zuo virlyhen, die
555 1014 2363 1056 hirczogentum zuo Ostirrich, zuo Styr und zuo Kernten, zuo Tiroil und zuo Habsburge, die graschefte, und allcz, daz sie von dem egenanten romschen riche, zu lehen haben, iz sii furstentum, graschefte, herschefte, lant odir lute, und
548 1040 2377 1082 davone ummb soliche redeliche bete, als die vorgenanten kunig Wenczela zuo Beheim, unsir liebir sun, Johans marggrave zuo Merhern, unsir lieben brudir, an eime teyle, und die hochgeborne Albrecht und Lupolt, herczogen zuo Ostir¬
551 1068 2353 1106 rich zuo Styr und zu Kernten et cetera, unsiren lieben oheime, und fursten, an dem andern teyle, uns, als gliche gemeyne voreinte, und ungesundirte wartere gemeyner anevelle, nach lute der egenanten vormachunge, ordenunge,
554 1097 2380 1133 und voreynunge der lande, demutlich gebeten, und an uns durch recht gevordirt haben, und auch ummb daz sulche vormachunge, ordenunge, und voreynunge der lande, zuschen den egenanten fursten, beiden siiten, ein ewige
551 1125 2369 1159 suone, und fruntschaft bringet, zuo eren, zu dienste und zu wirden dem heylgen romschen riche, zuo gemeynem nucze, und auch zu troste, zu fryde und zu gnaden der gemeinen cristenheit, so haben wir vur uns,
545 1152 2357 1187 romsche keisir, und kunige, unsir nachkomen, mit worte, gunst, wiszen und willen der korfursten des heilgin richs, mit wolbedachtem mute, mit rechtir wiszen und mit vollenkomenheit, keisirliche mechte, dem
557 1179 2349 1214 egenanten kunig Wenczelaen, unserm lieben sune, sinen geswistirden, erben und nachkomen, kunigen zuo Beheim, Johansen marggraven zuo Merhern, unserm brudir, sinen, kynden, erben und nachkomen, marggraven zuo Merhern,
551 1207 2363 1242 an eyme teile, und Albrechten und Lupolten, herczogen zuo Ostirrich, zuo Styr und zu Kernten et cetera, unsern lieben oheimen, iren erben und nachkomen, an dem andern teil, miteinandir, semptlich und eweclich virliehen, und
545 1235 2370 1268 vorlyen alle der andern furstentum, hirczogentum, marggrafschefte, graschefte, herschefte, lant und lute, als glichen gemeinen, voreinten und ungesundirten wartern, gemeiner anevelle, nach lute, der egenanten vormach¬
553 1258 2364 1294 unge, ordenunge und vereynunge, der lande, in allir der maze, als die egenanten vormachunge, ordenunge und voreinunge, der lande, davor begriffen und beschriben ist, und bestetigen auch confirmirn, und befesten
552 1286 2370 1321 wir, fur uns, romsche keisir und kunige, unsir nachkomen, mit worte, gunst, wiszen und willen, der korfursten des heilgin richs, als ein romschir keisir, eweclich, die vorgeschriben, vormachunge, ordenunge und
551 1314 2366 1348 voreinunge, der lande, in allen iren eynunge, sinnen punten und artikeln, von worte zu worte, als davor geschriben steet. Mit urkunt dicz brieves, vorsigelt mit unserm keisirlichen ingesigel, der geben ist zuo
548 1339 2380 1376 Snoyme, nach Crists geburte druczenhundert jare, darnach in dem sehsundsehszigestem jare, an dem nehsten frytage nach dem heilgin offart dage, unsir riche in dem czwenczigistem, und des keisirtums
547 1366 2358 1403 in dem czwolften jare. Davon wann wir wol, und vornunftlich vorsteen, daz die egenanten vormachunge, ordenunge und eynunge, mit wiszen, willen und worte etlichir korfursten und andern fursten, graven,
540 1390 2368 1431 und herren des heilgin richs, recht und redelich, gescheen ist, und wann wir wol virnemen, daz dieselbe vormachunge, ordenunge und eynunge dem heilgin romschen riche, der heilgin cristenheit, und gemeinem fryde,
543 1421 2353 1459 bequemlich und nucze sin, Gote zu lobe, und zu eren, zuo troste und zu gnaden, allen cristen luten. So haben wir mit wolbedachtem muote, mit guten willen und mit rechtir wiszen, zuo den egenanten vormachungen, orde¬
543 1446 2365 1491 nuge und eynunge, und waz darzu gehoret odir davone henget, unsir gunst, willen, und worte genczlich geben, als ein erczebischoff zuo Mencze, erczcanceller und ein kurfurste des heilgin richs, und meinen
548 1473 2365 1520 und wollen, daz die egenanten vormachunge, ordenunge und eynunge, nach lute, der vorgeschriben bryve, unsers herren, des keisirs, in allen iren meynungen, sinnen puncten und artikeln, von worte zu worte,
548 1502 2348 1551 als sie davor begriffen sint, in steten creften, unverrucket und ungehindert, eweclichen bliben. Mit urkunt dicz bryves, virsigelt mit unserm anhangendem ingesigel, der geben ist zuo Eltvil, off den
540 1533 1706 1578 dornstag vor sante Albans tage, nach Crists geburte druczenhundert jare, darnach in dem sehsundsehszigenstem jare.
