3000 2438
324 284 2169 429 + Universis tam presentibus quam posteris nostris significamus, quod Dietlebus hereditatem fratris sui Gum¬
333 424 2163 540 boldi nobis pro remedio anime sue collatam potestative abstulit. De hoc vero malo resipiscens,
328 521 2167 643 quasi concambium faciendo, pro hac hereditate alias tres villas tam pro anima sua quam fratris
312 643 2204 747 prenominati Covmboldi ecclesie sancte Marie in Plaz contulit, quorum nomina sunt hec: Strasisce,
1356 720 1821 776 Dubrawiz, Bor, Mladatiz,
318 752 2185 847 Cedilice, Scernogat. Sed et alias villas patris sui Cumboldi pro remedio anime sue ecclesie eidem traditas
316 832 2199 963 nec non ad dimidiam araturam fratris eius Covnonis et molendinum in pace pro anima sua habere permisit.
328 943 2193 1056 Huius rei testes sunt hi: Primuzil dux Boemorum, Iohannes iudex, Lvtebor filius Smil, Troianus,
320 1049 2185 1161 Damganus, Bun, Norberc, Suest, Lvdewic, Cunradus filius Protiue, Lvtwinus, Rapoto nota¬
320 1146 2128 1274 rius, Adelbertus capellanus, Buche, Pridota, Bohedaz, Radozte, Cunradus filius Gothescal,
324 1259 1594 1357 Clvsene cum fratre suo Baviar, Dluhemil et Petrus miles eorum.
