3000 2116
434 225 2170 425 Annen fursten, sune und von dem selben brife geben und sie die selben pilnus de¬
423 436 2164 517 quos littere iste pervenerint, salt, applicam bensis sudimus et audientes nequimus non nurari, quod dilecti¬
426 524 2160 613 ilii fratres, sepulehri, dominiti, ad solvendam vicesimam de proventibus ecclesiarum suorum quas habent in¬
427 633 2168 714 astris diocesibus competuntur, cum igitur universa que habent in partibus cismarius ab ipso princi¬
425 741 2159 827 pro eis collata fuerint, pro reverencia terre sancte et eiusdem terre, servicio totaliter deputata, presen¬
431 846 2159 937 cum nobis auctoritate precipiendo mandamus, quannus eos super huiversimodi prestatione et qua¬
441 956 2156 1052 orum constituimus liberos et inmunes nullatenus molestetis, nec permuttatis ab aliquibus mo¬
429 1075 2156 1167 estarius integre restitui facientes eisdem singuli per nostris dioceses siquam forsam propter hoc¬
425 1199 2173 1297 ab eorumdem ecclesiis per nos seu per alios sunts, extorta. Actum a magne, VI, quod sulii¬
439 1324 2163 1412 contificatus nostri anno primo.
