5532 3217
135 27 5201 634 mannen, die in den obgenanten unsern herren den hochgeborn furstinne unser
540 595 5086 699 um universis, quod pro parte fidelium nostrorum arcificum Prage conmorancium fuert nobis humiliter supplicatum quantus ipsis privilegia et litteras a serenissimus
534 694 5162 789 Narolo et Wenceslao, Bohemie regibus predecessoribus nostris super eorum habitacionibus et libertatibus datas et concessa ac a serenissimo, Sigismundo, roma¬
544 786 5124 872 norum imperatore predecessore nostro confirmatas quarum tenores translati de Wulgari theutunicio in latinum in dicta littera confirmacionis Sigismundi Bohemie¬
527 875 5133 961 regis, que sequitur in hec verba Sigismundus, divina favente clemencia et cetera plene de verbo ad verbum sunt expressi approbare innovare et confirmare dignaremur¬
539 960 5171 1046 ac eciam ut eis aliquas graas speciales donemus et adunigamus, nos prefatorum nostrorumficum votis humilibus annuentes non per errorem aut improvide, sed¬
531 1058 5174 1139 decerta nostra sciencia sano fidelium nostrorum accedente consilio dictis, arcificibus et eorum successoribus prefatas litteras et privilegia super eorum habitacionibus et liber¬
547 1154 5115 1230 tatibus a predictis Bohemie regibus, datas et concessa cum omnibus in eis contentis et expressis punctis clausulis et articulis ac si de verbo ad verbum hic fierent ex¬
563 1246 5119 1321 pressata auctoritate regia Bohemie approbamus imovamus et confirmamus decernentes ea habere perpetuo inviolabile robur ceterum iut predictos arcifices ad
567 1338 5174 1416 servicia nostra reddamus, proviores eis et eorum successoribus facimus et adiungimus gram singularem, ut scilicet inter nominatos arcifices, quatuor seniores, qui sunt aut
580 1425 5125 1515 verint, deputati ad se et ad alios sui arti filii ducites ac pauperes, iusticie seriem prosequedi liberam habeatum facultate, atque si quis horum deputatorum tempore quovis ex hac¬
564 1525 5140 1613 luce migraverit, ut ex tunc dicti arcifices seniores relicti in locum illius defuncti, alterum valente et dignum possint et ligere ac substituere et hoc quocienscumque neccessarium fuit¬
569 1622 5129 1708 semper tame cum consen su nostro, Item a put audicium seu nam iudicandi ipsorum arcifuum, quod littera queda Olum officialium Bohemie regi, predecessorum nostrorum
582 1713 5191 1801 septem munita sigillis plenus declarat et postendit eosdem arcifices sistere volumus et permittimus sstam tame eis gracia adningimus, ut si inter dictos arcifices nonulla¬
556 1812 5166 1897 differencia lis aut controversia emanaverit, ut ad officiales nostros puka marescalcum curie nostre M gistincurie nostre magrincurie regine nostre et magrm conquine nostre confingere¬
556 1906 5172 1991 possint et ipsi causis auditis parcium et libertatis illas differecias debebunt, complanare. In hoc tame supremo, regni nostri marescalco, nullum preiudicium in suo iure fa¬
548 1999 5218 2088 cere interdimus permittimus eciam et committimus prefatis arcificibus, ut dum et quado aliquis a zcufey aliunde aduetaverit et in civitate ulla, regni nostri Bohemie pro illi¬
552 2099 5176 2181 artis, ingro et iri et noniari voluerit per seniores, arcifices Pragensis exannetur ita quod una balistam propria manu laboret et consilio et quam semores Mgri dictorum arcificum depu¬
546 2193 5179 2273 tati, tenebutur videre et experiri sie bene ad sagittandum opperata extiterit, quonia si ita is qui fecit et ingris conumerari postulavit iure debito inge balistarum et dici et
558 2281 5211 2365 esse debebit, salvis tame singulis, iuribus nostrarum communitatum volumus eciam et mandamus, si tempore aliquo non nulli Pragensis arcificum in eorum a rece ministri aliquod¬
552 2371 5233 2462 nephas scandalosum perpetraverit, ut ab arcificibus castri Pragensis adversus eos non tueantur ne ipsis in eo preiudicium exoriatur, mandamus igitur universis et singu¬
570 2472 5174 2556 lis et presertim mgriscuium consiliis et communitatibus civitatum nostrarum Pragensis ut nominatos arcifices in hiis datis et concessis quovismo non impediat aut molestent
568 2568 5160 2646 sed pocius eos manuteneant et defendant nostre regalis gracie sub obtentum presencium sub appensione nostri regalis sigilli testimonio litterarum. Datum Prage die sexta¬
553 2663 3694 2739 diama decembris anno Domini millesimoquadringentesimo sexagesimoprimo, regni nostri anno quarto¬
4398 2811 5223 2866 Ad mandatum domini regis
4412 2866 5269 2924 Procopus de Rabenstein, canc¬
