7053 4353
885 977 4094 1055 Nos Johannos iudex Sebim atque universitas civitatis Lubeschitzeensis recognoscimus publice confitentes excellenti¬
921 1076 4032 1147 ac magnifico principi domino Johanni inclito Bohemie et Polonie regi, tamquam vero regi ac domino nostro fide¬
943 1169 4206 1256 Data unanimiter homagium prestitisse nos non de mandato et voluntate ipsius speciali, Semssimus ac gloriosis principibus
938 1251 4175 1353 dominis Bolezlao Henrico et Wolodizlao, Slesie duobis dominisque Wratislavie et Regenicz illustribus, heredibusque ac
929 1336 4101 1449 regittimis ipsorum successoribus, quibus nos et civitatem nostram totamque tram Oppavie pro octo milibus nostreorum
934 1426 4134 1545 grossorum regolum denariorum sexaginta quatuor grossos pro quolibet marca computando, nomine pignoris obligavit¬
950 1520 4171 1642 bediam et devocionem fidei absque dolo communiter iusse promittentes bona conselbenus et fidei puritate, quod ob ipsis
958 1599 4152 1730 eorum quolibet nullatenus, molo dominitemur in tencione, sed eis et eorum cuilibet serviemus et obedienter suberimus
975 1675 4091 1810 um domini fideliter, quousque ipsis dicta octo milibus marcarum de certa illorum, qui ad hoc exusque parte deputati sunt
973 1761 4127 1902 mensis ex integro persolviamricus. In cuius rei testimonium presentes fiert et sigillo civitatis nostre fecimus communiri¬
970 1841 3274 1955 Datum Oppavie anno Domini millesimo CC undecimo XVI kalendas iulii, iu¬
