6585 4628
615 609 4412 976 Wir ratif die von gnaden marggraftigen herren, dem Romischen reiche, rate unsir elichen eo¬
769 858 4392 990 vitarii in tuschen landen bekennen uns offenlichen mit disem briefe, alz wir den edeln herren Ulrichen und Johansen gebrudirn
755 949 4396 1080 lantgrafen vom Leutenberig unsern lieben oheim schuldig sin und gelten sullen zwelf tusent guldin florium guter und geb¬
732 1039 4370 1175 umb ir dantknemen, dienst, die sie uns biz her getan habent und noch furbaz tun solbent und mogen, und ouch umb daz daz
721 1125 4369 1268 si unsern rat gesworn habent, und wir si der selben zweier tusent guldin solten bewiset han nach des edeln herrensis
736 1213 4420 1376 unsers lieben oheims Johansen burggrafen von Nürenberger, rat, alz sie dez briefe, von uns dar umb habent, da bewisen¬
749 1310 4414 1486 wir sie und ir erben der selben zwelf tusent gulden uff aller pfantschaft, die sie von uns inne habent, ea sie von unsers
746 1409 4358 1585 vettern, keyser Ludwigis seligen wegen, daz uns zusstel ist, an gevallen oder die sie von unserr mne hant nach irre¬
764 1502 4426 1688 briefe sagen, die sie dar verber hant, und sullent, die selben pfantschaft mne haben, nutzen und mezzen nach allen rechten,
778 1618 4434 1799 liz ir briefe sagent, die sie und dar uber hant, alz lange biz daz wir sie oder unser erben von in oder iren erben umb die¬
774 1714 4462 1911 vorgenanten zwei tusent gulden zu der summe gesten, die in wir dar uf verschriben ist nach ir briefe sage erledigen, und erlass¬
775 1814 4458 2016 jar und genczlichen ane geverde. Were ouch daz wir oder unser erben oder ir erben, die vorgenanten zwei tusent guldin
773 1921 4491 2125 wisten uff unsern zellen oder sust ander suo da Pra geloz sicher sin so sol die vorgenant unserr pfantschafft umb die¬
767 2033 4441 2226 vorgenanten zwelf tausent guldin uns und unsern erben von in und iren erben ledig und loz sin ane widerrede und ane¬
780 2125 4446 2328 allez geverde. Und dez zu urkunde geben wir in disen briefe besigelt mit unserm insigel, der geben ist zu der
781 2241 4442 2429 Nuwenstat, an sampcztag nach sant Martins tag nach Cristus geburt druesehenhundert iar und dar nach¬
771 2450 2185 2548 in dem zwei und funfzigsten jare.
