9440 7558
1469 988 5977 1080 Nos Johannes, Dei gratia Boemie et Polonie rex Lucemburgensis comes, marchieque Budissimus dominus ad universorum noticiam tenore presencium¬
1585 1102 5976 1207 volumus pervenire, quod bona nostra infrascripta videlicet oppidum et municionem Towaczow cum villis, Mirowans oplatzan wy¬
1587 1212 5949 1325 Plech, herbontz crelicz, villa forensis et Pywin ac universis pertinentiis suis, fideli nostro dilecto Henricus juniori de Lypa, in¬
1587 1326 5953 1437 tibus milibus marcarum grossorum denarius Pragensis pagamenti Moraviti, videlicet, sexaginta quatuor grossorum computando pro marca¬
1621 1447 5981 1556 qualibus, que pro dote nobis domine Agnetis, de Blankenheim consangnee nostre, quam ei tradidimus in vrorem dare¬
1591 1557 5971 1685 romisimus nomine euidem vroris sue ac ipsi domino titulo perignoris obligamus tenenda, et habenda, per eum et dictam
1593 1697 5985 1804 dominiam ac heredes ipsorum tamdiu, quousque eis presnotata pecunia per nos vel heredes aut successores nostros plenaie¬
1607 1814 5981 1924 er soluatur, quod si predictum Heinricus prefate vrori sue continget premori cunt dominia ipsa tam omnia et singulactum supra¬
1607 1930 6029 2047 dicta bona per nos pro dote sua in dictis tribus milibus marcarum s obligata, in eisdem tribus milibus marcarum quam uni¬
1597 2047 5955 2164 versa bona videlicet castrum Strilter et villam coriczan ac oppidum Hostradicz, et villam My spicz cum universis suis
1625 2167 5935 2285 ettinenciis per socerum suum fidelem nostrum dilectum Henricus de Lypa, sibi etiam in cribus milibus marcarum pro suo dotalicio.
1623 2288 5983 2406 assignata, in quocumque statum marciserit et sine cum dicto marito suo, heredes habueritur, vel non tenebit et habebit, in sex¬
1627 2407 5935 2528 milibus marcarum ac ea sive in vita sive in morte sua, si ab ipsam exoluta non fueritur, quod ipsiis sex milibus marcarum
1614 2549 5960 2646 obligare et donaere poteritur cuicumque volniter pro sue libito voluntatis, et si etiam continget dictam dominam prefato marito suo¬
1618 2660 5975 2768 dominori habendo vel non habendo, cum ipso marito suo pueros sine heredes tunt dictus Henricus, mariter suus vel eo non¬
1602 2779 5943 2890 existente heredes sui vel si heredes non essent, tunc fratres sui similiter tam dicta bona per nos seu in tribus milibus
1610 2901 5983 3016 marcarum pro dote et nomine dotis, deere vroris, sue obligata in eisdem tribus milibus marcarumus, quod bona omnia antedicta¬
1613 3020 5961 3140 et per dictum patrem suium in tribus etiam milibus marcarum pro dotalicio ipsius domine vrorio sne assignata, in ipsis tribus
1615 3150 5990 3266 milibus marcare tenebunt, et habebitum ac eadem Si ab ipsius exoluta non funiter pro ipsis sex milibus marcar aut
1629 3270 5973 3389 ertum vel dominusim ipsa bona per nos obligata proo ipsis tribus milibus marcar, cuicumque voluerint obligare poterit¬
1639 3389 5904 3519 et donare. In cuius rei testimonium presentes litteras fieri et sigillis maiestatis nostre iussimus communiri. Datum
1609 3508 5977 3634 Prage II nonis ium anno Domini millesimo centesimo vicesimo primo, regnorum vero nostrorum anno undecimo.
5658 3880 6716 3982 est wnii vionii Jan Puss¬
5645 3991 6689 4076 My od pro y mi inser Liprosil¬
5639 4102 6752 4175 dem ein klaubu Hanynu¬
5562 4170 6378 4269 ist na tomaczkowa natow¬
6612 4205 6652 4291 ¬
5574 4248 6399 4354 korak za to hostiondicze an¬
5607 4335 5668 4398 za¬
