5571 6080
352 227 4043 473 Wir Rudolfh der burg und elter von Gots gnaden kungen ze Sachsen, beken und tun kunt haben und des brief all der derseln haben oder hern der
412 470 3982 528 der allirdurchleuchtigster furste und unsir genediger herre her Karl, Romischer kung, ze allen zeiten merer des reichs und kung ze Beheim, von den erwirdigen
418 535 3981 590 fursten und herren, hern Baldewin erczbischof ze Trier, hern Gerlach ertzbischof ze Mentz hern Waltteram erczbischof ze celn, und den hochgebornen fursten, hern Jo¬
427 602 3969 663 hansen seliger gedechtnuzz ettwenn kunge ze Beheim, hern Rudolphe herczogen ze Sachsen, unserm lieben herren und vater, und hern Weldmar, marggraven ze Brandemburch¬
405 673 3970 731 und ze Landisperg, unserm lieben oheim, ze Romischin kunge recht und redlich und eynwticlichen welt und irkoren ist, dorumb verbinden wir uns, unsir erben
406 742 3979 802 und nachkomen herczogen ze Sachsen, mit dem vorgenanten unserm herren, dem romischen kunge und kunge ze Beheim, als mit eynem kunge ze Beheim, und des
396 809 4033 876 reichs kurfursten, seinen erben und nachkomen, an der selben kyr kungen ze Beheim, und mit den vorgenanten erwirdigen kurfursten und herren geistlichen
415 875 3979 942 und werltlichen und mit allen andern fursten, graven vreyen herren und steten, di dem vorgenanten unserm herren, dem romischen kunge, gehorsam und
402 950 3996 1019 undirtenig sein, und die in dem selben verbuntnuzze sten und bleiben wellen und geloben mit guten trewen on geverd, an eydes stat, das wir mit den vor¬
423 1017 4029 1096 genanten fursten und si mit uns dem vorgenanten unserm herren dem romischen kunge und unsir y ttlicher dem andern umb des vorgenantenan Romischen reichs
409 1090 4019 1158 und unsir kurfurstlichen recht ere und wirde zebeherten und ze behalden, beholfen und beraten sein wellen, mit leib und mit gut und mit allir
407 1162 3968 1222 macht widir allirmenngleich und sundirlichen widir graven Guntheren von Swarczburch, der sich des reiches vrevelichen und ze unsrecht widir¬
396 1229 3959 1293 unsern herren den vorgenanten und widir den Scul ze Rome widir unsir und des reicho recht angenomen hat, und annymet, und widir alle
424 1294 3975 1375 ein helfer und gunner di er hat odir noch gewinnen mag, unsir herre her Karl der romische kung sei lebende odir tod wann wir des billich
405 1369 3951 1446 und ze rechte ze tun pflichtig sein also und wir den stymen und der kur, die eyn herczog ze Sachsen hat, an der wal eyns romischen kunges von od¬
404 1433 4018 1522 dominlichen und rechtem anevallen wartende sein, noch tode des hochgebornen fursten und herren, hern Rudolphs herczogen ze Sachsen, unsirs lieben vatir¬
420 1512 3827 1596 des vorgenanten den gut geruche ze Behuten, und synamen geloben wir mit den vorgenanten kurfursten und andern fursten, graven herren und
414 1582 3891 1663 als vorgeschriben stet, das wir weder, den vorgenanten graven Gunther, noch nymand andirs, von er genant sei, er sei gekoren odir wurde ge¬
409 1653 3995 1733 bei unsirs vorgenanten herren leben und wider in der sich des reichs angenomen hat, odir annymet, ouf gerut ist, odir ouf gerukt wirt,
463 1718 4000 1794 unsir vorgenanten herre sein letende odir tod odir wi er sust von dem reiche liezze, des get nicht enwelle eynen romischen kung halden wellen¬
397 1787 3971 1861 noch sullen noch in zu dem reich newnis riesen, odir unsir sur an in wenden, ob es ze schulden kumpt, ouch geloben wir, wer daz ymand ex
413 1862 3956 1932 ner odir mer wenn eyner dem vorgenanten graven Gunther, odir eynem andirn, der zu kunge ouf geruket wurde, behulfeti Weren¬
413 1935 3949 2009 und in eynen kung halden, und mit helfen welden, das wir des und der selben offembar unde sein wellen und uns mit den selben nymer¬
417 2023 3965 2078 vrichten, noch sinen vas sei denne, das si den selben oufgeritkten kung allirsachen begeben und bei uns geloben vesticlich zebleiben dornech gelob¬
427 2097 3955 2154 wir mit guten trewen an eydes stat, als vor geschriben stet, das wir in dise verbuntnuzz eyde und gelubde bringen und nemen wellen, alle¬
426 2172 3972 2235 die fursten bischove, adtifte capitel civaven herren vreyen, dynstmann stete und andir leute, so wir allirmeist mugen, di alle dise vorge¬
432 2247 3964 2321 nanten erbh take sweren sicheren und geloben sullen, gancz stete, und untzubrochen ze behalden und dorumb ze geben ir sundirlichen
437 2329 3962 2409 briefe, Ouch geloben wir fur uns, unsir erben und nochkomen, herczogen ze Sachsen, mit guten trewen an eydes stat, das wir alle¬
423 2414 3954 2489 di vorgenanten Stukke, in allir meynung als vor geschriben stet, gancz und unverruket haben und halden wellen, und do wi¬
430 2504 3960 2582 dur nicht ze tun, noch do widir ze komen heymelichen odir offembar in dheynenweis. Mit urchund dicz briefs, der versigilt¬
445 2591 4010 2681 ist, mit unsirm des vorgenanten Rudolphs des Jungern, herczogen ze Sachsen, ingesigil, und wir herczog Otte der egenante
440 2669 3960 2779 wann wir eygens ingesigils ze disem mal nicht en haben, so veriehen wir alle dise vorgenante rede undir dem in ge¬
450 2763 3952 2874 sigil, herczogen Rudolphs, unsirs brudirs des vorgenanten geben ze celn an dem Reyn, do man czalte noch Cristus ge¬
452 2869 3670 2971 burch drewczenhundirt und newn und fierczig jar an dem nehisten doministags noch sand valentyns tag.
3647 3298 3912 3396 domino regi¬
