9851 8791
1394 1080 6622 1212 Nos Johannes, Dei gratia Boemie et Polonie rex ac Lucemburgensis comes, ad universorum tam presentis etatis hominum, quam future no¬
1468 1207 6570 1341 eciam volumus pervenire, quod nos de maturo et communi principum, baronum ac prelatorum et nobilium regni nostri Boemie consilio necnon delibera¬
1472 1328 6612 1475 cione provida et sollempni tractatu prehabitis utilitatem et commodum nostrum et heredum nostrorum ac precipue ipsius regni nostri propter quedam futura, que no¬
1512 1473 6606 1604 is in ipso regno nostro potuissent et poterant suboriri, dispendia euidencius cognoscentes cupientesque condicionem ipsius regni nostri facere meliorem opi¬
1508 1611 6664 1732 um nostrum Hostradicz, et villam Mispitz cum dominio, iure, iurisdicione, hominibus, pratis, pascuis, piscacionibus, molendinis, montibus, pla¬
1500 1751 6608 1860 is, agris cultis et incultis, rubetis, silvis, aquis, aquarumve decursibus et generaliter cum omnibus illis, cum quibus dive memorie predecessores
1471 1894 6665 1999 nostri, reges Boemie illustres, oppidum et villam predictam tenuerunt et nos tenuimus, usque modo additis etiam aliis bonis nostris super quibus simus¬
1501 2029 6683 2147 ter nostras dedimus litteras speciales cum fideli nostro Heinrico de Lypa pro civitate et districtu Sytaviensis, castris Ronow, Oywins et Schonbuch, vil¬
1467 2175 6559 2288 lis, iuribus, dominio, pheudalibus, hominibus et eorum pertinenciis universis et generaliter cum omnibus eis, cum quibus ipse huiusmodi usque nunc
1486 2305 6604 2433 enuit et possedit, ex certa nostra sciencia nostro, heredum ac successorum nostrorum nomine commutavimus et permutamus et commutando in concambium
1465 2457 6580 2587 damus et dedimus tradidimus et tradimus per ipsum Henricum et heredes ac successores suos possidendum iure hereditario perpetuo et tenendum, tra¬
1501 2602 6579 2744 rentes in ipsum Henricum, heredes ac successores suos omne dominium, omnem proprietatem et omnia iura, que nobis, heredibus et successoribus
1461 2746 6563 2883 nostris in opido et villa, predictis et suis pertinenciis universis, conpetunt aut possent competere, aliqualiter in futurum taliter, quod ipse Henri¬
1500 2892 6512 3027 redes et successores sui oppidum et villam predicta vendere, alienare in totum vel in parte et de ipsis tamquam de re sua propria possint
1445 3036 6617 3173 disponere pro sue libito voluntatis, renunciantes expresse et ex certa nostra sciencia nostro, ac heredum et successorum nostrorum nomine in integrum resti¬
1453 3183 6599 3322 accioni, de dolo et in factum accioni, decepcioni ultra dominidium iusti precii et omni alio iuris auxilio, quo iuvari possemus, ad non tenen¬
1445 3307 5689 3445 dum vel non observandum omnia supradicta vel aliquod ex eisdem. In cuius rei testimonium presentes litteras fieri¬
1488 3478 6566 3647 stre iussimus communiri. Datum Prage per manus venerabilis Johannis, Wissegradensis prepositi, regni Boemie cancellarii, principis¬
1467 3592 6551 3795 astri dilecti, II nonis septembris anno Domini millesimo trecentesimo decimonono, regnorum vero nostrorum anno nono.
