6562 4610
413 769 4665 1341 Junger vonen, herrn aller wizzentlich werben rege vesten und ver¬
627 1073 4719 1175 lesent, wann mir der allerdurchluchtigst furste und mein gnediger herre, her Karl, Romischer kunig und kunig¬
608 1151 4712 1269 zu Beheim, die gnad getan hat, daz er mit meine lehen, die ich von dem reichs ze recht haben sol gnedichlich ver¬
647 1249 4708 1355 shen hat, und mir dar zu uf seinem zollen, uf dem Ryn, von in dem füder wenns zwen grozze Turnos wo odir¬
608 1355 4766 1453 wie ich die erwben mag, von fursten herren, und frunden, die zollen, uf dem Reyn haben, uzgenumen, der Burg¬
600 1449 4778 1543 von Coln, die dar inne nicht sullen begriffen sein gegeben und verschriben hat, dar umb han ich im gehuldet, ge¬
608 1555 4634 1647 lubt und gesworn, daz ich im getrewe, gehorsam und undertenig sein wil und sol, als einem romischen kunge und
614 1655 4691 1741 meinem rechten herren und im geholfen sein sol, wider aller menichlich, die weil er lebt an alle geverde, und gelobe¬
580 1719 4637 1835 im auch getrewlich zehelfen undinen mit fumfczig man mit helm verf sein kost in dutschen landen nicht in daz¬
592 1802 4574 1921 gepyrg noch verber Walt wenn er mich dez ermont, dar uber zu urkund geb ich disen brief, versigelt mit
626 1940 4737 2023 meinem insigel, der geben ist zu Mentz nach Crists geburt dreuczehen hundert und vollem und irrertzig jar¬
621 2033 2311 2128 an dem suntag, der heiligen drivalticheit,
