6827 3935
771 238 4235 657 A marggrafen von Meidinnen furstinne und die obgenanten czehentusent
1138 609 4249 668 presentium universis, quod nos et nobilibus Johanni, de Waldenstein, et Czenkoni Runa de Cunstat fidelibus nostris dilectis in solidum aut illi¬
1140 679 4206 732 qui presens fuerit, ita quod absentis conditio presenti mime noceat a serenissimo principes domino marchia rege Hungarie, Dalmacie, ¬
1137 744 4192 804 Croacie et cetera filio et fratre nostro carissimo, aut consiliariis suis seu aliis ad hoc specialiter deputatis et missis sumnam novem millum
1137 816 4267 876 aureorum Hungaricalium quos idem dominus rex nobis in Oppido trenczii infesto, sancti Johannis, Babptiste proximo venturo dare et
1149 894 4264 947 deponere debet, ab eodem recipiendi, tollendi et lenandi vice et nomine nostri kt postquam dictam summam nonem milium glorenorum
1146 961 4276 1023 in auro acceperint, litteras super triginta millibus aureorum Hungaricalium nostro nomine reddendi et restituendi dicto domino regi aut
1153 1039 4278 1098 suis consiliariis vel aliis abeodem rege ad hoc specialiter missis et deputatis auctoritate presentium damus et conferimus, plena et omnio¬
1145 1112 4225 1173 dam potestatem, presencium sub nostri regalis sigilli appensione testimonio litterarum. Datum Prage die decima septima sunii anno
1139 1187 3191 1254 Domini millesimoquadringentesimosexagesimosecundo regni nostri mno quinto.
3747 1324 4117 1380 mandam
3765 1373 4091 1435 domini regis
