3000 3463
296 287 1734 355 Notum sit omnibus tam presentibus quam futuris et fidelibus, quod ego fratridericus, Dei gracia dux¬
282 367 1784 436 Boemie, protiam visca necessitate pacientibus exhibe debeo. Inde et quam fratris Plazense¬
284 450 1792 519 miserias suas cora me deposvert, habebant em telonen salis et decium, a patre¬
281 539 1791 602 meo ipsis conc donatum cuius insum sine qui periculo animarum suorum adimonasterium de¬
283 626 1774 686 ferre oblongitudine nostre consisidias latimi nequerit, quorum dolori compassiis, in¬
298 704 1770 774 Peticioni annoves, villa mea nomine compidemus eis perpetuus, iure possidenda, tehdi¬
304 815 1755 863 us, rubie Pus cum iuribium aut ipso princium invius milibus all pro alium¬
308 890 1778 966 ac commutatio nostra rata et inconvulsa in posterum permaneat, Hoc provilegen, si¬
300 970 1782 1047 gillo meo confirmamus et testes idoneos huic confirmationi adhibus, quorum nomina frater¬
290 1065 1787 1135 hec, Blegius, Boguffe, Groznata camerarius, Jan audex, Mittime propincerna, letar¬
296 1149 1761 1221 dapifer, Jaros, Ludene. Werner, Jessittibor, Wahta, Jodata Wiconicus¬
291 1238 1783 1312 Drissek, Brum. Drahtholt, Napota sacuba, Linra cum fratre suo, Pribizlav, abi¬
295 1327 1667 1400 an letrius cum fratre suo Bbidensis, Cutognew, Hermannus filius exilhelmi¬
298 1429 1797 1489 reta domino Henrico predigensis episo nostro venerabilius in Keregno moraviensis epo¬
299 1520 1784 1592 in minibus honesto et incxius et statuti nostri iuolatores, anathematis vincum¬
309 1629 1763 1685 oder illustitient inbilalo. Acta sunt autem hec et conctione bancilice, quam
311 1711 1775 1784 obmemoria inctorie mee, socia thori mei listb het con Gots ex ett¬
