9244 6468
1394 905 6053 1018 list Los Johannes, Dei gratia Boemie et Polonie rex Lucemburgensis comes marchieque Budissinensis dominus, Notum facimus universis presentes litteras
1556 1018 6037 1123 inspecturis, quod cum vener Johannes prepositus princeps et cances noster dilectus, dirzlaus decan magister Nycol custos, Walchei¬
1551 1125 6013 1236 scolastter totumque capitlesie Wissegradensis ecclesiarum cuius Proni sumus bona prepositure predicte in Wolframitz, in Moravia sita, cum
1571 1236 6055 1342 villis et cum omnium dominio, iure, iurisdiccessorum iure patronatus ecclesie in Wolframitz, et aliis omnibus iuribus, libertatibus, uti¬
1572 1345 5997 1458 itatibus in quibuscumque rebus consistant, et pertinenciis universis, ex eo, quod sit lange, ab ipsa Wissoris ecclesiam preposita erant, quod
1564 1449 5999 1555 eisdem bonis utiliter intendere non potantur, de maturo consilio ac benivolo eorum assensu et consen su communi dilecto¬
1548 1559 6000 1663 fideli nostro Henricus de Lypa, summo regni nostri Boemie marschalk, vendidissent et tradidissent pro duobus milibus marcarum
1561 1673 6038 1774 grossorum denarius Pragensis sexaginta quatuor grossorum computando, pro qualibus marca quam quidem perpetuam duo milia marcarum videlicet, ¬
1554 1783 6070 1897 ab ipso Heinricus, ex nostra, certa sanctia percepunt plenare, sic, quod ipsi coram nobis tunc sponte et libere confessi et protestati sunt, ¬
1556 1899 6027 1999 se contur, ipsum Henricus, heredes aut successores suos nec contur, quemcumque alium vel alios ipsius Henricus, heredum, vel successorum
1556 2003 5981 2105 suorum nomine, pro pecunia ipsa vel aliquam eius perte, nec pro bonis predictis vel aliquam parte eorum prepositure vel ecclesie Wissorum nomine
1548 2117 6118 2220 herre vel herre posset aliquam accionem ipsis prepositus et capitam nobis cunt hui litter supplicarunt vel vendicionem ipsam per quam
1574 2244 6045 2331 prepositure et Wissis ecclesie pro curabatum vertilitas, ratam et grata herre erbque nostrum dignarem pobere consensum, nos viden¬
1559 2356 6046 2440 tes supplica commmeum eorum ex reonabili prodire proposito vendicionium ipsam ratam et dicatam habentes eam consensi nostri plenitudine con¬
1553 2463 6006 2560 irmam volentes, ut ipse Heinricus, heredes ac successores sui bona ipsas cum omnibus iuribus, utilitatibus et pertinenciis suis ac
1548 2570 6023 2676 omnibus aliis, que in verdicione ipsorum in nostris presentibus aut wissorum prepositi, et capitulum ipsi herrenricus, datis super hoc litteris
1556 2683 6026 2790 mit expressa tenere et habere debeant cum ea libertate, honore, iurisdicione, et iure, quibus ea prepositura et ecclesiam wiss¬
1525 2804 5994 2903 tenuit et tenere debuit, ante quam ipsam eidem Henricus vendidit et Osterristulit, in eundem In cuius rei testimonium presentes
1548 2917 5974 3017 tteras fieri et sigillis maiestatis nostre iussimus communiri. Datum Prage II idus jum anno Domini millesimo
1531 3028 4510 3131 trecentesimo vicesimo primo, regnorum vero nostrorum anno undecimo.
